3434 6942
297 1254 361 1321 310
647 1267 819 1324 LETTERE
839 1269 865 1324 Α
884 1267 1051 1328 uatum

295 1409 363 1466 tom
398 1406 583 1485 promptam
616 1401 833 1482 praestiterim
869 1402 978 1468 fldem.
1002 1403 1056 1470 Sic
1078 1406 1211 1470 evenire
1235 1405 1429 1492 pierumque

294 1518 387 1598 solet,
404 1537 481 1585 cnm
506 1519 600 1583 nohis
623 1520 703 1584 satis
726 1527 775 1584 est
798 1521 912 1599 animi,
935 1528 974 1585 ut
995 1523 1038 1587 ah
1060 1523 1275 1605 opinionibus
1295 1530 1426 1611 praelu-

294 1635 411 1701 dtoatic
434 1635 650 1701 discedamus.
673 1637 746 1703 Nou
771 1654 880 1718 pauca
902 1643 991 1716 suut,
1006 1657 1147 1720 quorum
1165 1658 1258 1724 spem
1278 1643 1378 1722 iacis,
1392 1652 1426 1710 ut

294 1753 382 1818 circa
405 1753 589 1837 ponderum
612 1752 803 1818 cadentium
820 1753 1027 1836 inaequalem
1051 1756 1274 1823 velocitatem.
1299 1761 1426 1840 Quaeso

294 1879 336 1948 te,
360 1871 458 1954 idque
477 1888 542 1936 nou
568 1889 642 1936 meo
665 1871 784 1947 sotum,
808 1871 864 1936 sed
888 1873 1055 1938 Merscoui
1078 1874 1178 1939 etiam
1203 1880 1322 1956 nostri,
1347 1881 1426 1944 atio-

293 2007 434 2073 rumque
452 1990 596 2065 nomine.
613 1997 649 2055 ut
665 2007 731 2055 noo
746 1990 881 2073 patiaris
896 2007 957 2056 nos
976 1992 1108 2056 iitorum
1124 1995 1295 2059 tabescere
1310 2014 1426 2080 expec-

294 2109 427 2173 tatione.
451 2107 599 2174 Morinos
629 2107 716 2172 inter
738 2114 886 2173 caeteros
924 2109 1045 2175 tihrum
1067 2115 1163 2176 tuum
1201 2113 1306 2177 aride
1338 2114 1425 2198 tegit,

294 2232 390 2306 teque
411 2223 569 2306 suspicit,
592 2230 630 2289 ut
651 2241 712 2305 par
733 2230 796 2298 ests
822 2242 887 2290 uon
922 2200 1045 2292 fatetur
1079 2234 1189 2292 tamen
1212 2245 1249 2294 se
1278 2231 1424 2308 rictum,

292 2343 545 2423 existimatque,
568 2340 713 2407 rationes
734 2360 811 2408 suas
843 2345 877 2407 in
913 2346 1175 2428 manuscriptum
1211 2347 1424 2428 prodromum

292 2477 500 2544 perseverare
523 2461 666 2525 ittihatas
681 2458 740 2546 (1).
760 2463 842 2545 ipse,
860 2479 935 2528 cum
951 2464 1066 2530 muita
1084 2464 1149 2529 etia
1165 2465 1200 2528 io
1218 2468 1267 2530 tui
1283 2469 1422 2550 gratiam

292 2579 462 2657 edisserui,
484 2591 555 2645 tum
577 2580 770 2660 praesertim
795 2583 994 2665 exaggerari
1016 2600 1152 2648 causam
1175 2584 1236 2649 ahs
1259 2590 1294 2649 tc
1318 2586 1424 2650 reddi·

293 2705 362 2763 tam
381 2698 422 2762 de
440 2699 608 2783 geminata
630 2697 718 2762 intra
739 2697 826 2762 diem
842 2700 1030 2763 naturalem
1046 2700 1148 2764 maris
1162 2701 1423 2781 reciprocatione

291 2825 324 2882 et
346 2815 633 2884 commendatione
654 2815 883 2899 diguissimam
904 2833 987 2893 csse,
1007 2816 1298 2886 etiucoucussam
1323 2821 1423 2902 persi·

292 2942 389 3001 stere.
412 2933 476 3000 Ea'
497 2949 791 2998 commemorarem
806 2932 901 3007 ,uisi
926 2934 996 3014 ipse
1020 2949 1148 3009 nones,
1170 2932 1257 2998 sciri
1281 2938 1423 3018 potuisse

291 3056 418 3139 objecta
441 3053 554 3118 omnia
579 3069 621 3114 ex
638 3049 737 3132 jactis
760 3049 818 3114 ahs
841 3050 1191 3119 tciuudsmeotis.1d
1221 3053 1321 3120 dico:
1339 3056 1422 3121 anti·

290 3187 432 3255 quorum
455 3171 605 3235 omnium
630 3169 784 3245 rationes,
806 3175 839 3233 et
862 3167 1059 3251 hypotheses
1081 3188 1239 3254 apparere
1255 3191 1375 3256 nugas,
1390 3180 1421 3239 ct

289 3290 454 3356 insomnia
468 3303 570 3365 mero,
587 3286 721 3369 quando
737 3304 814 3352 cum
834 3287 971 3352 invento
988 3293 1047 3354 tuo
1063 3298 1314 3372 comparantur.
1336 3291 1420 3360 Coo·

289 3409 361 3494 tigit
377 3413 466 3473 ocrte
486 3405 565 3471 mihi
582 3423 648 3471 non
664 3404 776 3479 semet,
794 3411 831 3468 ut
849 3421 927 3469 com
942 3405 1032 3487 apud
1047 3407 1136 3471 viros
1151 3407 1318 3491 ingenuos
1333 3417 1419 3475 tuam

289 3525 489 3610 expttoarcm
514 3524 733 3599 senteutiam,
762 3527 854 3586 tanta
888 3522 923 3584 in
957 3523 1078 3588 animis
1100 3523 1309 3590 audientium
1333 3528 1420 3592 daret

288 3640 551 3713 verisimilitudo,
576 3646 613 3706 ut
636 3644 803 3719 assumpta
828 3645 979 3702 motuum
1005 3638 1130 3704 telluris
1155 3641 1359 3723 hypothesis,
1380 3645 1418 3708 ad

288 3762 524 3827 declarandum
550 3758 650 3824 meris
672 3766 811 3832 aestum,
830 3758 1093 3838 probabititatem
1117 3779 1159 3823 ex
1179 3762 1250 3842 ipsa
1271 3763 1418 3829 deciara-

288 3879 376 3943 ttooe
398 3878 568 3942 obtineret.
593 3874 715 3938 Verum
741 3873 846 3954 ptura,
871 3872 939 3938 Deo
962 3874 1103 3950 volente,
1125 3894 1204 3940 cum
1236 3877 1349 3943 ticehit
1367 3897 1418 3961 per

286 3996 401 4061 otium.
425 3993 505 4059 Vate
528 3994 663 4066 interea,
685 3997 717 4054 ct
742 4007 793 4053 me
816 4006 903 4053 ama.

378 4115 515 4179 Litteras
539 4110 652 4176 hasce·
662 4116 803 4191 cognato
822 4114 881 4172 tuo
904 4107 950 4194 (2)
974 4111 1046 4174 viro
1061 4112 1188 4193 optimo
1202 4117 1414 4181 commcnda-

289 4234 338 4307 vt:
358 4238 392 4298 tu
416 4233 441 4298 si
465 4229 634 4313 quidpiam
658 4225 757 4292 officii
781 4245 823 4291 ex
847 4245 900 4291 me
923 4227 1069 4294 fortassis
1084 4230 1211 4314 exigas,
1228 4233 1412 4315 significare

288 4351 475 4436 peripsum
499 4358 598 4433 potes.
622 4348 745 4412 {terum
769 4346 853 4411 rate.

358 4595 393 4652 tt)
409 4589 515 4640 tortorno
530 4601 588 4640 esso
604 4587 709 4639 htoriuo
725 4587 827 4651 inpari
842 4585 868 4639 ia
879 4593 947 4642 nota
962 4602 977 4639 a
994 4587 1030 4638 tui
1046 4588 1154 4640 relativa
1169 4588 1240 4641 aetia
1265 4593 1410 4654 precedens

284 4666 376 4718 tettara
393 4664 462 4715 datto
478 4670 560 4715 stesso
576 4664 701 4715 timendi
718 4663 760 4714 del
780 4668 789 4713 t
806 4663 907 4715 htarzo.

358 4741 392 4802 tt)
408 4737 531 4797 Rohcrto.
549 4740 574 4790 ot
591 4755 626 4792 un
645 4753 718 4790 ramo
735 4739 801 4788 detta
818 4738 933 4800 samigtia
949 4736 1042 4789 Gatiiei
1057 4739 1169 4790 stahttito
1185 4755 1199 4790 a
1216 4741 1308 4793 hicne.
