3434 6942
283 1211 328 1274 92
643 1214 815 1272 tatanus
835 1216 860 1270 A
880 1212 1047 1271 Gustuso

142 1330 145 1334 Δ
283 1352 459 1417 divisarum
485 1348 625 1432 parteis,
649 1347 743 1411 initio
765 1345 873 1419 facto,
895 1360 961 1425 qua
984 1347 1076 1425 parte
1099 1342 1191 1426 digiti
1215 1341 1323 1424 primi
1355 1350 1428 1410 erat

283 1472 430 1543 initinnr;
451 1472 522 1534 tum
548 1473 585 1531 ut
608 1466 641 1528 in
666 1480 786 1547 magna
803 1461 1024 1527 occultatione
1043 1461 1155 1527 liceret
1171 1478 1312 1546 semper
1326 1481 1428 1530 naur-

285 1592 361 1670 pata
377 1584 470 1650 beinc
486 1583 561 1648 inde
576 1580 707 1662 aequali
726 1580 902 1646 timborum
920 1579 1162 1645 obscurationis
1177 1579 1347 1647 distantia
1370 1599 1428 1648 co·

285 1703 491 1786 gererentur
514 1703 548 1766 in
570 1699 743 1775 circulum,
766 1704 804 1767 nt
827 1707 989 1764 tumorem
1015 1669 1153 1764 umbrae
1176 1699 1375 1767 maximnm
1394 1701 1428 1768 ia

285 1823 481 1887 diametrum
504 1819 639 1902 reicere:
668 1825 736 1883 tnm
766 1824 801 1883 ut
828 1816 949 1882 exinde
972 1815 1086 1881 baberi
1106 1820 1216 1900 posset
1233 1816 1428 1886 diametro-

284 1959 358 2008 rum
382 1937 568 2005 Luminaris
592 1937 761 2018 utriusque
786 1936 872 2000 inter
893 1953 929 2000 se
952 1935 1128 2017 proportio.
1147 1933 1232 2003 Cu·
1247 1934 1429 2020 Tycboni·

285 2078 344 2126 cae
366 2077 465 2143 porro
487 2057 618 2124 tabutas
640 2056 832 2121 exhiberent
855 2055 949 2121 nobis
972 2055 1103 2120 initium
1125 2055 1300 2138 Eclipseos
1334 2058 1428 2124 ciros

285 2179 399 2244 boram
421 2181 539 2243 matut.
560 2177 607 2253 7,
628 2176 865 2240 observaturus
888 2160 1019 2254 praesto
1046 2171 1137 2238 adini
1162 2173 1205 2237 ab
1234 2174 1324 2241 bora
1358 2175 1428 2245 cir·

216 2312 219 2318 ·
284 2299 365 2363 citer
386 2304 489 2362 sexta.
513 2297 637 2361 Aderat
660 2312 756 2378 porro
779 2301 872 2358 extra
899 2310 1066 2360 cameram
1095 2293 1260 2359 excellens
1291 2296 1427 2364 matbe-

285 2415 425 2481 orations
448 2413 608 2495 tosspbnr
630 2411 817 2478 Gaultnrius
852 2407 904 2496 (is
937 2410 1083 2481 scilicet.
1118 2412 1161 2476 ad
1186 2428 1289 2492 quem
1324 2413 1426 2496 primi

286 2535 358 2600 iibri
381 2533 664 2600 Exercitationnm
683 2548 830 2596 mearum
851 2529 1085 2614 praefationem
1110 2530 1215 2615 dirigo
1228 2528 1252 2615 ).
1271 2532 1333 2612 qni
1351 2537 1425 2599 sta·

286 2657 343 2720 tim
367 2660 466 2735 atque
489 2657 682 2735 appareret,
705 2668 744 2716 ac
767 2651 930 2715 desineret
951 2649 1191 2715 obscurationis
1217 2650 1425 2736 vestigium,

285 2774 369 2840 Solis
391 2773 612 2846 ebitudinem,
635 2786 735 2852 qnam
760 2769 874 2834 sedulo
897 2767 1100 2842 sectabatur,
1123 2768 1190 2834 ictu
1213 2768 1335 2850 parieti
1357 2770 1425 2836 im·

284 2903 403 2979 pacto,
426 2911 487 2958 cen
512 2893 601 2976 ligno
623 2891 712 2966 dato,
736 2890 908 2971 acciperet.
937 2888 1082 2972 Contigit
1116 2889 1217 2972 igitur
1250 2888 1424 2973 Eolipsens

284 3014 416 3077 initium
439 3009 512 3075 Sole
535 3009 663 3073 elevato
685 3008 729 3070 25
752 3025 799 3089 gr.
823 3003 866 3072 31)
890 3024 950 3081 m.;
976 3006 1051 3072 duis
1071 3005 1296 3072 veroalevato
1312 3006 1356 3077 bf
1374 3027 1424 3092 gr.

286 3130 326 3193 17
343 3146 402 3192 mc
419 3127 479 3217 boc
503 3134 564 3200 est,
585 3125 725 3206 Eclipsis
749 3124 831 3189 Solis
847 3125 961 3207 vcoepit
985 3125 1065 3189 bora
1088 3128 1121 3197 7.
1146 3142 1191 3189 m.
1213 3125 1252 3202 b,
1272 3143 1343 3192 aec.
1362 3127 1424 3203 aar

285 3246 380 3310 desiit
404 3244 484 3309 bora
506 3244 543 3319 9,
568 3261 611 3308 m.
635 3243 690 3316 31.
715 3261 778 3308 sec.
800 3243 855 3317 12,
880 3244 1087 3309 numerando
1118 3261 1137 3307 e
1166 3243 1274 3308 media
1300 3252 1423 3323 noem.

283 3381 369 3446 quae
402 3365 579 3444 praecessit
611 3362 783 3429 meridiem
821 3363 982 3445 praedicti
1020 3361 1084 3426 diei
1115 3360 1170 3426 21.
1203 3359 1305 3444 Digiti
1342 3382 1424 3428 vero

284 3483 433 3566 Eoliptici
452 3482 596 3548 maxime
611 3484 850 3549 obscurationis
866 3482 1063 3547 exstiterunt
1078 3481 1099 3546 9
1119 3499 1167 3564 pr.
1186 3480 1229 3548 23
1247 3498 1303 3558 m,
1321 3489 1424 3550 tnnc-

286 3621 349 3685 que
375 3602 568 3668 deficiebant
591 3604 746 3684 utrinque
768 3620 812 3665 ex
834 3600 1099 3665 circumferentia
1122 3617 1170 3683 gr.
1194 3600 1260 3673 77,
1282 3574 1330 3667 m.
1353 3602 1424 3680 31),

285 3722 372 3787 unde
393 3722 510 3786 eiicere
533 3730 582 3786 est
600 3721 755 3802 aequales
773 3721 962 3809 apparuisse
979 3720 1209 3785 Luminarinm
1227 3721 1422 3788 diametros.

370 3841 444 3906 Jam
466 3842 495 3905 si
517 3841 632 3905 iatbeic
655 3818 829 3903 observata
858 3840 997 3922 Eclipsis
1021 3839 1103 3904 baec
1125 3839 1246 3916 fuerit,
1279 3838 1421 3905 babebi-

288 3979 361 4025 mns
384 3960 501 4025 saltem
525 3960 731 4043 parallaxeos
754 3960 867 4023 Lunae
890 3978 950 4042 pro
971 3960 1131 4024 varietate
1155 3959 1339 4025 latitudinis
1370 3960 1424 4026 in-

287 4095 403 4143 corum
428 4076 656 4142 differentiam.
679 4077 819 4141 Etcum
844 4078 982 4143 latitudo
1005 4079 1167 4159 Aquensis
1185 4079 1362 4142 observata
1376 4077 1424 4144 sit·

286 4197 329 4264 13
353 4215 402 4281 gr.
421 4196 473 4264 33.
484 4214 547 4286 m,
570 4214 614 4259 ex
637 4195 825 4261 discrimine
848 4198 944 4263 istius
966 4216 1043 4262 cnm
1068 4205 1188 4271 restra,
1208 4214 1246 4261 ac
1263 4194 1423 4263 differen-

287 4318 331 4380 tia
356 4315 575 4400 paraftaxeos‚
597 4315 790 4397 colligemus
812 4335 897 4397 quac
923 4317 1021 4385 fuerit
1038 4322 1119 4382 tnnc
1138 4317 1251 4381 Lunae
1273 4315 1425 4380 aTerris

286 4437 452 4502 distantia.
477 4436 566 4502 Hora
591 4433 691 4497 etiam
715 4451 773 4498 nos
796 4436 945 4516 proxime
970 4433 1162 4521 (subductis
1181 4451 1299 4516 nempe
1314 4433 1424 4500 ratio·

198 4614 202 4622 .
285 4556 403 4642 nibus)
427 4559 584 4622 certiores
605 4554 725 4623 efficiet
747 4559 952 4624 differentiae
977 4559 1189 4641 longitudinis
1216 4558 1423 4626 Florentiam

287 4675 371 4735 inter
393 4682 427 4737 et
451 4677 563 4754 Aquas
586 4674 722 4742 Sextias.
745 4679 910 4745 certiores
925 4694 1004 4740 sane
1019 4676 1237 4749 efficeremur.
1255 4678 1283 4742 sl
1302 4678 1423 4743 istbeio

288 4790 434 4856 fortassis
457 4791 539 4856 foret
561 4795 735 4861 observata
761 4795 902 4860 Lanario
924 4795 980 4859 illa
1004 4797 1153 4878 Eclipsis‚
1175 4814 1260 4878 quae
1282 4797 1424 4880 contigit

288 4927 399 4976 mense
421 4909 521 4974 iunio
544 4929 596 4978 an.
623 4913 722 4986 1620.
745 4920 803 4977 ant
825 4912 892 4976 alia
913 4932 998 4995 qnae
1017 4933 1128 4980 mense
1147 4915 1231 4982 Nov.
1247 4930 1300 4978 an.
1320 4914 1423 4980 lost.

289 5030 453 5096 Sciremns
475 5037 508 5094 et
531 5029 748 5094 differentiam
772 5029 969 5098 Florentiam
995 5034 1080 5099 inter
1101 5040 1133 5097 et
1150 5030 1291 5106 niniam,
1307 5035 1335 5100 si
1353 5036 1424 5100 alla

290 5164 403 5216 rursus
425 5150 547 5216 mensis
569 5147 690 5232 Aprilis
707 5166 760 5213 an.
780 5149 876 5228 1623,
892 5151 1088 5219 florentiam
1107 5174 1185 5220 vero
1201 5156 1286 5220 inter
1303 5160 1336 5220 et
1356 5156 1423 5223 Pa·

291 5264 399 5342 risios,
423 5270 448 5333 si
474 5283 597 5351 nupera
622 5265 677 5329 illa
700 5265 800 5348 bnjus
824 5269 915 5348 anni,
937 5287 1021 5351 qnae
1043 5272 1180 5356 contigit
1200 5288 1310 5339 mense
1325 5271 1422 5341 Afar-
