<?xml version="1.0" encoding="UTF-8"?>
<!DOCTYPE html PUBLIC "-//W3C//DTD XHTML 1.0 Transitional//EN"
    "http://www.w3.org/TR/xhtml1/DTD/xhtml1-transitional.dtd">
<html xmlns="http://www.w3.org/1999/xhtml" xml:lang="en" lang="en">
 <head>
  <title>
</title>
<meta http-equiv="Content-Type" content="text/html;charset=utf-8" />
  <meta name='ocr-system' content='tesseract 3.04.00' />
  <meta name='ocr-capabilities' content='ocr_page ocr_carea ocr_par ocr_line ocrx_word'/>
</head>
<body>
  <div class='ocr_page' id='page_1' title='image "./leoperedigalile05vivigoog_0102.png"; bbox 0 0 3434 6942; ppageno 0'>
   <div class='ocr_carea' id='block_1_1' title="bbox 754 1287 1417 1354">
    <p class='ocr_par' dir='ltr' id='par_1_1' title="bbox 754 1287 1417 1354">
     <span class='ocr_line' id='line_1_1' title="bbox 754 1287 1417 1354; baseline -0.005 0"><span class='ocrx_word' id='word_1_1' title='bbox 754 1297 855 1354; x_wconf 76' lang='lat' dir='ltr'>Anno</span> <span class='ocrx_word' id='word_1_2' title='bbox 877 1297 946 1353; x_wconf 77' lang='lat' dir='ltr'>tosti</span> <span class='ocrx_word' id='word_1_3' title='bbox 1373 1287 1417 1351; x_wconf 81' lang='grc'>89</span> 
     </span>
    </p>
   </div>
   <div class='ocr_carea' id='block_1_2' title="bbox 286 1431 1424 3413">
    <p class='ocr_par' dir='ltr' id='par_1_2' title="bbox 286 1431 1424 2801">
     <span class='ocr_line' id='line_1_2' title="bbox 286 1431 1415 1518; baseline -0.002 -16"><span class='ocrx_word' id='word_1_4' title='bbox 286 1437 451 1508; x_wconf 87' lang='lat' dir='ltr'>moniom;</span> <span class='ocrx_word' id='word_1_5' title='bbox 474 1432 603 1518; x_wconf 88' lang='lat' dir='ltr'>appello</span> <span class='ocrx_word' id='word_1_6' title='bbox 626 1431 759 1496; x_wconf 84' lang='lat' dir='ltr'>tandem</span> <span class='ocrx_word' id='word_1_7' title='bbox 784 1432 925 1514; x_wconf 84' lang='lat' dir='ltr'>Superos</span> <span class='ocrx_word' id='word_1_8' title='bbox 947 1447 1077 1506; x_wconf 88' lang='lat' dir='ltr'>omnes,</span> <span class='ocrx_word' id='word_1_9' title='bbox 1099 1431 1127 1495; x_wconf 90' lang='lat' dir='ltr'>sl</span> <span class='ocrx_word' id='word_1_10' title='bbox 1152 1433 1196 1497; x_wconf 85' lang='lat' dir='ltr'>ita</span> <span class='ocrx_word' id='word_1_11' title='bbox 1220 1432 1282 1497; x_wconf 83' lang='lat' dir='ltr'>ieri</span> <span class='ocrx_word' id='word_1_12' title='bbox 1306 1435 1415 1509; x_wconf 85' lang='lat' dir='ltr'>liceat,</span> 
     </span>
     <span class='ocr_line' id='line_1_3' title="bbox 286 1551 1417 1638; baseline -0.001 -18"><span class='ocrx_word' id='word_1_13' title='bbox 286 1556 328 1620; x_wconf 88' lang='lat' dir='ltr'>ad</span> <span class='ocrx_word' id='word_1_14' title='bbox 354 1556 453 1620; x_wconf 89' lang='lat' dir='ltr'>tidem</span> <span class='ocrx_word' id='word_1_15' title='bbox 477 1554 535 1618; x_wconf 91' lang='lat' dir='ltr'>tibi</span> <span class='ocrx_word' id='word_1_16' title='bbox 560 1551 865 1636; x_wconf 71' lang='lat' dir='ltr'>ingerendumque</span> <span class='ocrx_word' id='word_1_17' title='bbox 883 1552 1041 1616; x_wconf 85' lang='lat' dir='ltr'>admirari</span> <span class='ocrx_word' id='word_1_18' title='bbox 1057 1552 1197 1617; x_wconf 88' lang='lat' dir='ltr'>desinas.</span> <span class='ocrx_word' id='word_1_19' title='bbox 1217 1553 1329 1619; x_wconf 86' lang='lat' dir='ltr'>Voluit</span> <span class='ocrx_word' id='word_1_20' title='bbox 1342 1559 1417 1638; x_wconf 89' lang='lat' dir='ltr'>qui·</span> 
     </span>
     <span class='ocr_line' id='line_1_4' title="bbox 287 1671 1418 1752; baseline 0 -16"><span class='ocrx_word' id='word_1_21' title='bbox 287 1676 362 1739; x_wconf 87' lang='lat' dir='ltr'>dem</span> <span class='ocrx_word' id='word_1_22' title='bbox 386 1675 514 1738; x_wconf 88' lang='lat' dir='ltr'>amieos</span> <span class='ocrx_word' id='word_1_23' title='bbox 536 1673 565 1736; x_wconf 91' lang='lat' dir='ltr'>is</span> <span class='ocrx_word' id='word_1_24' title='bbox 588 1676 698 1736; x_wconf 72' lang='lat' dir='ltr'>nomer</span> <span class='ocrx_word' id='word_1_25' title='bbox 719 1671 923 1752; x_wconf 78' lang='lat' dir='ltr'>provinciam</span> <span class='ocrx_word' id='word_1_26' title='bbox 943 1671 1028 1734; x_wconf 88' lang='lat' dir='ltr'>bane</span> <span class='ocrx_word' id='word_1_27' title='bbox 1043 1671 1105 1735; x_wconf 90' lang='lat' dir='ltr'>sibi</span> <span class='ocrx_word' id='word_1_28' title='bbox 1121 1671 1365 1748; x_wconf 86' lang='lat' dir='ltr'>demandatam,</span> <span class='ocrx_word' id='word_1_29' title='bbox 1381 1683 1418 1736; x_wconf 90' lang='lat' dir='ltr'>ut</span> 
     </span>
     <span class='ocr_line' id='line_1_5' title="bbox 288 1784 1417 1873; baseline -0.001 -17"><span class='ocrx_word' id='word_1_30' title='bbox 288 1800 320 1856; x_wconf 88' lang='lat' dir='ltr'>et</span> <span class='ocrx_word' id='word_1_31' title='bbox 344 1792 399 1856; x_wconf 90' lang='lat' dir='ltr'>libi</span> <span class='ocrx_word' id='word_1_32' title='bbox 423 1791 647 1873; x_wconf 79' lang='lat' dir='ltr'>signiticaret,</span> <span class='ocrx_word' id='word_1_33' title='bbox 671 1787 837 1853; x_wconf 88' lang='lat' dir='ltr'>undenam</span> <span class='ocrx_word' id='word_1_34' title='bbox 861 1805 944 1871; x_wconf 75' lang='lat' dir='ltr'>ego,</span> <span class='ocrx_word' id='word_1_35' title='bbox 966 1784 1025 1853; x_wconf 84' lang='lat' dir='ltr'>sut</span> <span class='ocrx_word' id='word_1_36' title='bbox 1047 1790 1120 1870; x_wconf 91' lang='lat' dir='ltr'>quis</span> <span class='ocrx_word' id='word_1_37' title='bbox 1142 1806 1262 1863; x_wconf 84' lang='lat' dir='ltr'>essem;</span> <span class='ocrx_word' id='word_1_38' title='bbox 1284 1798 1317 1855; x_wconf 88' lang='lat' dir='ltr'>et</span> <span class='ocrx_word' id='word_1_39' title='bbox 1340 1808 1417 1855; x_wconf 90' lang='lat' dir='ltr'>eum</span> 
     </span>
     <span class='ocr_line' id='line_1_6' title="bbox 288 1881 1419 1992; baseline -0.004 -17"><span class='ocrx_word' id='word_1_40' title='bbox 288 1912 351 1975; x_wconf 89' lang='lat' dir='ltr'>bae</span> <span class='ocrx_word' id='word_1_41' title='bbox 372 1909 510 1992; x_wconf 82' lang='lat' dir='ltr'>epistola</span> <span class='ocrx_word' id='word_1_42' title='bbox 533 1905 768 1972; x_wconf 66' lang='lat' dir='ltr'>transmitteret</span> <span class='ocrx_word' id='word_1_43' title='bbox 791 1905 847 1968; x_wconf 91' lang='lat' dir='ltr'>tibi</span> <span class='ocrx_word' id='word_1_44' title='bbox 871 1905 949 1971; x_wconf 88' lang='lat' dir='ltr'>editi</span> <span class='ocrx_word' id='word_1_45' title='bbox 972 1923 992 1970; x_wconf 86' lang='lat' dir='ltr'>a</span> <span class='ocrx_word' id='word_1_46' title='bbox 1018 1922 1070 1970; x_wconf 91' lang='lat' dir='ltr'>me</span> <span class='ocrx_word' id='word_1_47' title='bbox 1096 1905 1194 1972; x_wconf 86' lang='lat' dir='ltr'>libelli</span> <span class='ocrx_word' id='word_1_48' title='bbox 1220 1881 1419 1990; x_wconf 84' lang='lat' dir='ltr'>exemplum,</span> 
     </span>
     <span class='ocr_line' id='line_1_7' title="bbox 290 2021 1419 2108; baseline -0.001 -17"><span class='ocrx_word' id='word_1_49' title='bbox 290 2026 377 2108; x_wconf 91' lang='lat' dir='ltr'>quod</span> <span class='ocrx_word' id='word_1_50' title='bbox 400 2031 488 2091; x_wconf 88' lang='lat' dir='ltr'>esset</span> <span class='ocrx_word' id='word_1_51' title='bbox 509 2025 573 2089; x_wconf 86' lang='lat' dir='ltr'>mei</span> <span class='ocrx_word' id='word_1_52' title='bbox 598 2039 680 2106; x_wconf 74' lang='lat' dir='ltr'>erga</span> <span class='ocrx_word' id='word_1_53' title='bbox 703 2029 734 2085; x_wconf 88' lang='lat' dir='ltr'>te</span> <span class='ocrx_word' id='word_1_54' title='bbox 756 2021 895 2087; x_wconf 74' lang='lat' dir='ltr'>affectus</span> <span class='ocrx_word' id='word_1_55' title='bbox 912 2024 1007 2103; x_wconf 84' lang='lat' dir='ltr'>qnasi</span> <span class='ocrx_word' id='word_1_56' title='bbox 1025 2024 1156 2108; x_wconf 74' lang='lat' dir='ltr'>pignus,</span> <span class='ocrx_word' id='word_1_57' title='bbox 1171 2029 1205 2088; x_wconf 87' lang='lat' dir='ltr'>et</span> <span class='ocrx_word' id='word_1_58' title='bbox 1218 2023 1419 2105; x_wconf 68' lang='lat' dir='ltr'>symbolum</span> 
     </span>
     <span class='ocr_line' id='line_1_8' title="bbox 290 2141 1421 2225; baseline -0.001 -16"><span class='ocrx_word' id='word_1_59' title='bbox 290 2153 324 2211; x_wconf 89' lang='lat' dir='ltr'>at</span> <span class='ocrx_word' id='word_1_60' title='bbox 346 2163 424 2209; x_wconf 90' lang='lat' dir='ltr'>eum</span> <span class='ocrx_word' id='word_1_61' title='bbox 448 2161 581 2208; x_wconf 89' lang='lat' dir='ltr'>necesse</span> <span class='ocrx_word' id='word_1_62' title='bbox 597 2141 768 2207; x_wconf 80' lang='lat' dir='ltr'><strong>habuerim</strong></span> <span class='ocrx_word' id='word_1_63' title='bbox 786 2141 844 2205; x_wconf 86' lang='lat' dir='ltr'>tali</span> <span class='ocrx_word' id='word_1_64' title='bbox 864 2141 974 2205; x_wconf 87' lang='lat' dir='ltr'>amieo</span> <span class='ocrx_word' id='word_1_65' title='bbox 988 2159 1112 2206; x_wconf 89' lang='lat' dir='ltr'>morem</span> <span class='ocrx_word' id='word_1_66' title='bbox 1130 2160 1253 2225; x_wconf 74' lang='lat' dir='ltr'>gerere,</span> <span class='ocrx_word' id='word_1_67' title='bbox 1268 2144 1354 2209; x_wconf 90' lang='lat' dir='ltr'>sensi</span> <span class='ocrx_word' id='word_1_68' title='bbox 1371 2151 1421 2208; x_wconf 89' lang='lat' dir='ltr'>ta·</span> 
     </span>
     <span class='ocr_line' id='line_1_9' title="bbox 292 2259 1421 2345; baseline -0.002 -18"><span class='ocrx_word' id='word_1_69' title='bbox 292 2280 367 2327; x_wconf 87' lang='lat' dir='ltr'>suen</span> <span class='ocrx_word' id='word_1_70' title='bbox 391 2262 593 2345; x_wconf 80' lang='lat' dir='ltr'>singularem</span> <span class='ocrx_word' id='word_1_71' title='bbox 609 2266 702 2324; x_wconf 89' lang='lat' dir='ltr'>tuam</span> <span class='ocrx_word' id='word_1_72' title='bbox 721 2259 961 2324; x_wconf 77' lang='lat' dir='ltr'>humanitatem</span> <span class='ocrx_word' id='word_1_73' title='bbox 981 2259 1080 2325; x_wconf 86' lang='lat' dir='ltr'>luisse</span> <span class='ocrx_word' id='word_1_74' title='bbox 1099 2259 1232 2325; x_wconf 76' lang='lat' dir='ltr'>aliunde</span> <span class='ocrx_word' id='word_1_75' title='bbox 1246 2263 1421 2327; x_wconf 90' lang='lat' dir='ltr'>consilium</span> 
     </span>
     <span class='ocr_line' id='line_1_10' title="bbox 291 2377 1422 2461; baseline -0.002 -15"><span class='ocrx_word' id='word_1_76' title='bbox 291 2399 402 2446; x_wconf 90' lang='lat' dir='ltr'>meum</span> <span class='ocrx_word' id='word_1_77' title='bbox 426 2380 523 2461; x_wconf 86' lang='lat' dir='ltr'>nequi</span> <span class='ocrx_word' id='word_1_78' title='bbox 547 2379 689 2460; x_wconf 89' lang='lat' dir='ltr'>bonique</span> <span class='ocrx_word' id='word_1_79' title='bbox 712 2378 956 2453; x_wconf 67' lang='lat' dir='ltr'>consultarem</span> <span class='ocrx_word' id='word_1_80' title='bbox 980 2385 1012 2443; x_wconf 93' lang='lat' dir='ltr'>et</span> <span class='ocrx_word' id='word_1_81' title='bbox 1029 2377 1249 2456; x_wconf 84' lang='lat' dir='ltr'>donariolum,</span> <span class='ocrx_word' id='word_1_82' title='bbox 1268 2380 1354 2461; x_wconf 92' lang='lat' dir='ltr'>qood</span> <span class='ocrx_word' id='word_1_83' title='bbox 1370 2386 1422 2445; x_wconf 89' lang='lat' dir='ltr'>at·</span> 
     </span>
     <span class='ocr_line' id='line_1_11' title="bbox 291 2497 1422 2582; baseline -0.001 -18"><span class='ocrx_word' id='word_1_84' title='bbox 291 2501 387 2576; x_wconf 91' lang='lat' dir='ltr'>tinet,</span> <span class='ocrx_word' id='word_1_85' title='bbox 408 2500 455 2563; x_wconf 91' lang='lat' dir='ltr'>ita</span> <span class='ocrx_word' id='word_1_86' title='bbox 478 2499 567 2564; x_wconf 83' lang='lat' dir='ltr'>volut</span> <span class='ocrx_word' id='word_1_87' title='bbox 592 2497 770 2581; x_wconf 87' lang='lat' dir='ltr'>acciperes,</span> <span class='ocrx_word' id='word_1_88' title='bbox 795 2504 831 2562; x_wconf 92' lang='lat' dir='ltr'>ut</span> <span class='ocrx_word' id='word_1_89' title='bbox 853 2515 930 2562; x_wconf 88' lang='lat' dir='ltr'>eum</span> <span class='ocrx_word' id='word_1_90' title='bbox 953 2498 1126 2582; x_wconf 78' lang='lat' dir='ltr'>indignum</span> <span class='ocrx_word' id='word_1_91' title='bbox 1149 2515 1211 2582; x_wconf 78' lang='lat' dir='ltr'>ego</span> <span class='ocrx_word' id='word_1_92' title='bbox 1227 2498 1422 2581; x_wconf 83' lang='lat' dir='ltr'>judicarim,</span> 
     </span>
     <span class='ocr_line' id='line_1_12' title="bbox 293 2616 1424 2700; baseline -0.003 -18"><span class='ocrx_word' id='word_1_93' title='bbox 293 2620 381 2700; x_wconf 93' lang='lat' dir='ltr'>quod</span> <span class='ocrx_word' id='word_1_94' title='bbox 405 2621 438 2682; x_wconf 90' lang='lat' dir='ltr'>ln</span> <span class='ocrx_word' id='word_1_95' title='bbox 463 2624 536 2683; x_wconf 90' lang='lat' dir='ltr'>luas</span> <span class='ocrx_word' id='word_1_96' title='bbox 559 2619 717 2683; x_wconf 88' lang='lat' dir='ltr'>incideret</span> <span class='ocrx_word' id='word_1_97' title='bbox 741 2635 881 2693; x_wconf 90' lang='lat' dir='ltr'>manus,</span> <span class='ocrx_word' id='word_1_98' title='bbox 912 2618 968 2681; x_wconf 92' lang='lat' dir='ltr'>ille</span> <span class='ocrx_word' id='word_1_99' title='bbox 998 2625 1108 2682; x_wconf 87' lang='lat' dir='ltr'>tamen</span> <span class='ocrx_word' id='word_1_100' title='bbox 1138 2618 1288 2698; x_wconf 91' lang='lat' dir='ltr'>impenso</span> <span class='ocrx_word' id='word_1_101' title='bbox 1315 2616 1424 2683; x_wconf 88' lang='lat' dir='ltr'>studio</span> 
     </span>
     <span class='ocr_line' id='line_1_13' title="bbox 293 2736 635 2801; baseline 0 -2"><span class='ocrx_word' id='word_1_102' title='bbox 293 2737 460 2801; x_wconf 80' lang='lat' dir='ltr'>curaverit</span> <span class='ocrx_word' id='word_1_103' title='bbox 482 2736 635 2801; x_wconf 88' lang='lat' dir='ltr'>incidere.</span> 
     </span>
    </p>

    <p class='ocr_par' dir='ltr' id='par_1_3' title="bbox 290 2851 1424 3413">
     <span class='ocr_line' id='line_1_14' title="bbox 380 2851 1421 2937; baseline -0.004 -15"><span class='ocrx_word' id='word_1_104' title='bbox 380 2856 486 2931; x_wconf 88' lang='lat' dir='ltr'>Nunc,</span> <span class='ocrx_word' id='word_1_105' title='bbox 504 2871 582 2919; x_wconf 91' lang='lat' dir='ltr'>enm</span> <span class='ocrx_word' id='word_1_106' title='bbox 598 2856 660 2920; x_wconf 88' lang='lat' dir='ltr'>ista</span> <span class='ocrx_word' id='word_1_107' title='bbox 688 2855 830 2937; x_wconf 88' lang='lat' dir='ltr'>primum</span> <span class='ocrx_word' id='word_1_108' title='bbox 863 2855 1016 2919; x_wconf 76' lang='lat' dir='ltr'>scribenti</span> <span class='ocrx_word' id='word_1_109' title='bbox 1045 2854 1235 2918; x_wconf 86' lang='lat' dir='ltr'>viderentur</span> <span class='ocrx_word' id='word_1_110' title='bbox 1261 2851 1421 2928; x_wconf 83' lang='lat' dir='ltr'>sufficere,</span> 
     </span>
     <span class='ocr_line' id='line_1_15' title="bbox 291 2973 1422 3056; baseline -0.002 -19"><span class='ocrx_word' id='word_1_111' title='bbox 291 2980 435 3040; x_wconf 83' lang='lat' dir='ltr'>attamen</span> <span class='ocrx_word' id='word_1_112' title='bbox 450 2974 541 3056; x_wconf 92' lang='lat' dir='ltr'>quod</span> <span class='ocrx_word' id='word_1_113' title='bbox 558 2974 639 3037; x_wconf 93' lang='lat' dir='ltr'>mibi</span> <span class='ocrx_word' id='word_1_114' title='bbox 659 2975 783 3050; x_wconf 87' lang='lat' dir='ltr'>videor,</span> <span class='ocrx_word' id='word_1_115' title='bbox 799 2991 863 3038; x_wconf 90' lang='lat' dir='ltr'>non</span> <span class='ocrx_word' id='word_1_116' title='bbox 876 2973 947 3056; x_wconf 81' lang='lat' dir='ltr'>jam</span> <span class='ocrx_word' id='word_1_117' title='bbox 971 2991 1047 3039; x_wconf 92' lang='lat' dir='ltr'>eum</span> <span class='ocrx_word' id='word_1_118' title='bbox 1073 2978 1203 3037; x_wconf 86' lang='lat' dir='ltr'>recente</span> <span class='ocrx_word' id='word_1_119' title='bbox 1226 2973 1343 3047; x_wconf 86' lang='lat' dir='ltr'>amico,</span> <span class='ocrx_word' id='word_1_120' title='bbox 1366 2974 1422 3036; x_wconf 88' lang='lat' dir='ltr'>sed</span> 
     </span>
     <span class='ocr_line' id='line_1_16' title="bbox 290 3090 1424 3178; baseline -0.002 -20"><span class='ocrx_word' id='word_1_121' title='bbox 290 3110 366 3160; x_wconf 89' lang='lat' dir='ltr'>cnm</span> <span class='ocrx_word' id='word_1_122' title='bbox 384 3094 523 3176; x_wconf 86' lang='lat' dir='ltr'>antiquo</span> <span class='ocrx_word' id='word_1_123' title='bbox 539 3109 647 3178; x_wconf 77' lang='lat' dir='ltr'>agere,</span> <span class='ocrx_word' id='word_1_124' title='bbox 665 3109 854 3177; x_wconf 80' lang='lat' dir='ltr'>agamenes</span> <span class='ocrx_word' id='word_1_125' title='bbox 875 3093 1052 3168; x_wconf 79' lang='lat' dir='ltr'>liberalius,</span> <span class='ocrx_word' id='word_1_126' title='bbox 1067 3108 1188 3174; x_wconf 83' lang='lat' dir='ltr'>eroque</span> <span class='ocrx_word' id='word_1_127' title='bbox 1203 3093 1302 3173; x_wconf 89' lang='lat' dir='ltr'>paulo</span> <span class='ocrx_word' id='word_1_128' title='bbox 1324 3090 1424 3156; x_wconf 86' lang='lat' dir='ltr'>dillu-</span> 
     </span>
     <span class='ocr_line' id='line_1_17' title="bbox 295 3210 1423 3294; baseline -0.004 -18"><span class='ocrx_word' id='word_1_129' title='bbox 295 3214 372 3288; x_wconf 90' lang='lat' dir='ltr'>sior,</span> <span class='ocrx_word' id='word_1_130' title='bbox 390 3229 491 3294; x_wconf 85' lang='lat' dir='ltr'>quam</span> <span class='ocrx_word' id='word_1_131' title='bbox 508 3212 535 3276; x_wconf 89' lang='lat' dir='ltr'>si</span> <span class='ocrx_word' id='word_1_132' title='bbox 551 3210 705 3278; x_wconf 87' lang='lat' dir='ltr'>dillldeus</span> <span class='ocrx_word' id='word_1_133' title='bbox 719 3214 885 3277; x_wconf 88' lang='lat' dir='ltr'>amicitiae</span> <span class='ocrx_word' id='word_1_134' title='bbox 900 3220 977 3277; x_wconf 89' lang='lat' dir='ltr'>tuae</span> <span class='ocrx_word' id='word_1_135' title='bbox 992 3211 1215 3276; x_wconf 87' lang='lat' dir='ltr'>timidiuscule</span> <span class='ocrx_word' id='word_1_136' title='bbox 1237 3210 1423 3274; x_wconf 83' lang='lat' dir='ltr'>scriberem.</span> 
     </span>
     <span class='ocr_line' id='line_1_18' title="bbox 293 3328 1423 3413; baseline -0.003 -19"><span class='ocrx_word' id='word_1_137' title='bbox 293 3330 329 3394; x_wconf 91' lang='lat' dir='ltr'>lo</span> <span class='ocrx_word' id='word_1_138' title='bbox 350 3329 465 3411; x_wconf 89' lang='lat' dir='ltr'>primis</span> <span class='ocrx_word' id='word_1_139' title='bbox 478 3348 567 3413; x_wconf 81' lang='lat' dir='ltr'>ergo,</span> <span class='ocrx_word' id='word_1_140' title='bbox 584 3331 629 3394; x_wconf 92' lang='lat' dir='ltr'>mi</span> <span class='ocrx_word' id='word_1_141' title='bbox 646 3328 802 3405; x_wconf 89' lang='lat' dir='ltr'>Galilaee,</span> <span class='ocrx_word' id='word_1_142' title='bbox 823 3331 923 3395; x_wconf 84' lang='lat' dir='ltr'>velim</span> <span class='ocrx_word' id='word_1_143' title='bbox 939 3333 987 3397; x_wconf 88' lang='lat' dir='ltr'>sic</span> <span class='ocrx_word' id='word_1_144' title='bbox 1001 3333 1057 3396; x_wconf 90' lang='lat' dir='ltr'>tibi</span> <span class='ocrx_word' id='word_1_145' title='bbox 1078 3349 1271 3413; x_wconf 89' lang='lat' dir='ltr'>persuasum</span> <span class='ocrx_word' id='word_1_146' title='bbox 1293 3333 1423 3402; x_wconf 88' lang='lat' dir='ltr'>babens,</span> 
     </span>
    </p>
   </div>
   <div class='ocr_carea' id='block_1_3' title="bbox 287 3447 1424 3989">
    <p class='ocr_par' dir='ltr' id='par_1_4' title="bbox 287 3447 1424 3989">
     <span class='ocr_line' id='line_1_19' title="bbox 292 3447 1423 3532; baseline 0.003 -21"><span class='ocrx_word' id='word_1_147' title='bbox 292 3455 453 3511; x_wconf 84' lang='lat' dir='ltr'>metante</span> <span class='ocrx_word' id='word_1_148' title='bbox 471 3464 550 3512; x_wconf 88' lang='lat' dir='ltr'>eum</span> <span class='ocrx_word' id='word_1_149' title='bbox 566 3447 668 3515; x_wconf 86' lang='lat' dir='ltr'>animi</span> <span class='ocrx_word' id='word_1_150' title='bbox 686 3449 853 3531; x_wconf 85' lang='lat' dir='ltr'>voluptate</span> <span class='ocrx_word' id='word_1_151' title='bbox 866 3450 1046 3531; x_wconf 86' lang='lat' dir='ltr'>amplexari</span> <span class='ocrx_word' id='word_1_152' title='bbox 1064 3450 1320 3532; x_wconf 80' lang='lat' dir='ltr'>copernicaeam</span> <span class='ocrx_word' id='word_1_153' title='bbox 1333 3452 1423 3514; x_wconf 87' lang='lat' dir='ltr'>illam</span> 
     </span>
     <span class='ocr_line' id='line_1_20' title="bbox 292 3567 1424 3650; baseline 0.003 -21"><span class='ocrx_word' id='word_1_154' title='bbox 292 3574 384 3630; x_wconf 91' lang='lat' dir='ltr'>tuam</span> <span class='ocrx_word' id='word_1_155' title='bbox 403 3567 436 3629; x_wconf 92' lang='lat' dir='ltr'>in</span> <span class='ocrx_word' id='word_1_156' title='bbox 452 3568 655 3632; x_wconf 83' lang='lat' dir='ltr'>astronomia</span> <span class='ocrx_word' id='word_1_157' title='bbox 674 3569 882 3643; x_wconf 87' lang='lat' dir='ltr'>sententiam,</span> <span class='ocrx_word' id='word_1_158' title='bbox 905 3574 942 3633; x_wconf 93' lang='lat' dir='ltr'>ut</span> <span class='ocrx_word' id='word_1_159' title='bbox 957 3567 1076 3632; x_wconf 84' lang='lat' dir='ltr'>exinde</span> <span class='ocrx_word' id='word_1_160' title='bbox 1100 3568 1214 3633; x_wconf 89' lang='lat' dir='ltr'>videar</span> <span class='ocrx_word' id='word_1_161' title='bbox 1237 3570 1300 3633; x_wconf 92' lang='lat' dir='ltr'>mel</span> <span class='ocrx_word' id='word_1_162' title='bbox 1325 3571 1424 3650; x_wconf 90' lang='lat' dir='ltr'>probe</span> 
     </span>
     <span class='ocr_line' id='line_1_21' title="bbox 287 3683 1422 3768; baseline 0.001 -20"><span class='ocrx_word' id='word_1_163' title='bbox 287 3684 374 3766; x_wconf 88' lang='lat' dir='ltr'>juris</span> <span class='ocrx_word' id='word_1_164' title='bbox 392 3683 509 3760; x_wconf 86' lang='lat' dir='ltr'>iaetus,</span> <span class='ocrx_word' id='word_1_165' title='bbox 529 3700 607 3750; x_wconf 86' lang='lat' dir='ltr'>oum</span> <span class='ocrx_word' id='word_1_166' title='bbox 623 3685 742 3761; x_wconf 89' lang='lat' dir='ltr'>soluta,</span> <span class='ocrx_word' id='word_1_167' title='bbox 757 3692 789 3749; x_wconf 90' lang='lat' dir='ltr'>et</span> <span class='ocrx_word' id='word_1_168' title='bbox 806 3684 906 3748; x_wconf 88' lang='lat' dir='ltr'>libera</span> <span class='ocrx_word' id='word_1_169' title='bbox 924 3702 1017 3749; x_wconf 90' lang='lat' dir='ltr'>mens</span> <span class='ocrx_word' id='word_1_170' title='bbox 1033 3690 1176 3767; x_wconf 76' lang='lat' dir='ltr'>vagatur</span> <span class='ocrx_word' id='word_1_171' title='bbox 1192 3704 1248 3768; x_wconf 89' lang='lat' dir='ltr'>per</span> <span class='ocrx_word' id='word_1_172' title='bbox 1264 3686 1422 3750; x_wconf 86' lang='lat' dir='ltr'>immensa</span> 
     </span>
     <span class='ocr_line' id='line_1_22' title="bbox 292 3804 1424 3889; baseline 0.004 -24"><span class='ocrx_word' id='word_1_173' title='bbox 292 3804 409 3885; x_wconf 87' lang='lat' dir='ltr'>spatis,</span> <span class='ocrx_word' id='word_1_174' title='bbox 427 3804 571 3869; x_wconf 79' lang='lat' dir='ltr'>eliraotis</span> <span class='ocrx_word' id='word_1_175' title='bbox 591 3821 706 3886; x_wconf 90' lang='lat' dir='ltr'>nempe</span> <span class='ocrx_word' id='word_1_176' title='bbox 724 3806 872 3887; x_wconf 76' lang='lat' dir='ltr'>vulgaris</span> <span class='ocrx_word' id='word_1_177' title='bbox 893 3804 1007 3868; x_wconf 92' lang='lat' dir='ltr'>mundi</span> <span class='ocrx_word' id='word_1_178' title='bbox 1027 3805 1266 3886; x_wconf 87' lang='lat' dir='ltr'>sistematisque</span> <span class='ocrx_word' id='word_1_179' title='bbox 1283 3822 1424 3889; x_wconf 78' lang='lat' dir='ltr'>repagu-</span> 
     </span>
     <span class='ocr_line' id='line_1_23' title="bbox 294 3902 1423 3989; baseline 0.002 -7"><span class='ocrx_word' id='word_1_180' title='bbox 294 3921 342 3983; x_wconf 89' lang='lat' dir='ltr'>lis.</span> <span class='ocrx_word' id='word_1_181' title='bbox 362 3921 496 3987; x_wconf 90' lang='lat' dir='ltr'>Utinam</span> <span class='ocrx_word' id='word_1_182' title='bbox 512 3939 593 3986; x_wconf 84' lang='lat' dir='ltr'>vero</span> <span class='ocrx_word' id='word_1_183' title='bbox 608 3922 768 3988; x_wconf 87' lang='lat' dir='ltr'>haetenus</span> <span class='ocrx_word' id='word_1_184' title='bbox 786 3923 849 3987; x_wconf 85' lang='lat' dir='ltr'>irui</span> <span class='ocrx_word' id='word_1_185' title='bbox 868 3930 925 3988; x_wconf 92' lang='lat' dir='ltr'>tuo</span> <span class='ocrx_word' id='word_1_186' title='bbox 943 3924 999 3989; x_wconf 90' lang='lat' dir='ltr'>illo</span> <span class='ocrx_word' id='word_1_187' title='bbox 1014 3941 1129 3988; x_wconf 89' lang='lat' dir='ltr'>recens</span> <span class='ocrx_word' id='word_1_188' title='bbox 1144 3902 1292 3988; x_wconf 87' lang='lat' dir='ltr'>instituto</span> <span class='ocrx_word' id='word_1_189' title='bbox 1310 3925 1423 3988; x_wconf 91' lang='lat' dir='ltr'>mundi</span> 
     </span>
    </p>
   </div>
   <div class='ocr_carea' id='block_1_4' title="bbox 292 4037 1430 5299">
    <p class='ocr_par' dir='ltr' id='par_1_5' title="bbox 292 4037 1430 5299">
     <span class='ocr_line' id='line_1_24' title="bbox 294 4037 1425 4122; baseline 0.005 -24"><span class='ocrx_word' id='word_1_190' title='bbox 294 4044 470 4118; x_wconf 87' lang='lat' dir='ltr'>systemate</span> <span class='ocrx_word' id='word_1_191' title='bbox 488 4037 651 4103; x_wconf 76' lang='lat' dir='ltr'>licuisset?</span> <span class='ocrx_word' id='word_1_192' title='bbox 674 4038 781 4117; x_wconf 87' lang='lat' dir='ltr'>Quam</span> <span class='ocrx_word' id='word_1_193' title='bbox 806 4039 940 4105; x_wconf 86' lang='lat' dir='ltr'>adiutos</span> <span class='ocrx_word' id='word_1_194' title='bbox 962 4043 1064 4117; x_wconf 90' lang='lat' dir='ltr'>enim,</span> <span class='ocrx_word' id='word_1_195' title='bbox 1087 4050 1320 4122; x_wconf 83' lang='lat' dir='ltr'>promotusque</span> <span class='ocrx_word' id='word_1_196' title='bbox 1342 4040 1425 4105; x_wconf 83' lang='lat' dir='ltr'>inis·</span> 
     </span>
     <span class='ocr_line' id='line_1_25' title="bbox 294 4153 1426 4240; baseline 0.002 -22"><span class='ocrx_word' id='word_1_197' title='bbox 294 4172 363 4218; x_wconf 90' lang='lat' dir='ltr'>sem</span> <span class='ocrx_word' id='word_1_198' title='bbox 380 4153 413 4217; x_wconf 92' lang='lat' dir='ltr'>in</span> <span class='ocrx_word' id='word_1_199' title='bbox 428 4157 593 4237; x_wconf 88' lang='lat' dir='ltr'>conceptis</span> <span class='ocrx_word' id='word_1_200' title='bbox 607 4157 707 4221; x_wconf 89' lang='lat' dir='ltr'>illisa</span> <span class='ocrx_word' id='word_1_201' title='bbox 728 4175 780 4221; x_wconf 90' lang='lat' dir='ltr'>me</span> <span class='ocrx_word' id='word_1_202' title='bbox 799 4158 839 4220; x_wconf 92' lang='lat' dir='ltr'>de</span> <span class='ocrx_word' id='word_1_203' title='bbox 855 4159 980 4223; x_wconf 90' lang='lat' dir='ltr'>muodo</span> <span class='ocrx_word' id='word_1_204' title='bbox 994 4158 1223 4240; x_wconf 83' lang='lat' dir='ltr'>opinionibus?</span> <span class='ocrx_word' id='word_1_205' title='bbox 1239 4158 1426 4224; x_wconf 83' lang='lat' dir='ltr'>somniasse</span> 
     </span>
     <span class='ocr_line' id='line_1_26' title="bbox 293 4271 1424 4360; baseline -0.001 -22"><span class='ocrx_word' id='word_1_206' title='bbox 293 4271 415 4354; x_wconf 90' lang='lat' dir='ltr'>quippe</span> <span class='ocrx_word' id='word_1_207' title='bbox 432 4290 483 4338; x_wconf 89' lang='lat' dir='ltr'>me</span> <span class='ocrx_word' id='word_1_208' title='bbox 500 4274 625 4356; x_wconf 84' lang='lat' dir='ltr'>allquld</span> <span class='ocrx_word' id='word_1_209' title='bbox 640 4277 730 4341; x_wconf 89' lang='lat' dir='ltr'>circa</span> <span class='ocrx_word' id='word_1_210' title='bbox 749 4277 811 4341; x_wconf 87' lang='lat' dir='ltr'>boc</span> <span class='ocrx_word' id='word_1_211' title='bbox 827 4284 1059 4360; x_wconf 80' lang='lat' dir='ltr'>argumentum</span> <span class='ocrx_word' id='word_1_212' title='bbox 1076 4276 1261 4359; x_wconf 86' lang='lat' dir='ltr'>pervidebis</span> <span class='ocrx_word' id='word_1_213' title='bbox 1278 4276 1383 4349; x_wconf 83' lang='lat' dir='ltr'>tacite,</span> <span class='ocrx_word' id='word_1_214' title='bbox 1398 4277 1424 4338; x_wconf 89' lang='lat' dir='ltr'>si</span> 
     </span>
     <span class='ocr_line' id='line_1_27' title="bbox 294 4384 1425 4472; baseline 0.005 -25"><span class='ocrx_word' id='word_1_215' title='bbox 294 4385 441 4467; x_wconf 80' lang='lat' dir='ltr'>digneris</span> <span class='ocrx_word' id='word_1_216' title='bbox 454 4384 537 4450; x_wconf 84' lang='lat' dir='ltr'>lorte</span> <span class='ocrx_word' id='word_1_217' title='bbox 556 4389 674 4472; x_wconf 79' lang='lat' dir='ltr'>legere,</span> <span class='ocrx_word' id='word_1_218' title='bbox 688 4391 778 4472; x_wconf 93' lang='lat' dir='ltr'>quod</span> <span class='ocrx_word' id='word_1_219' title='bbox 794 4391 897 4455; x_wconf 90' lang='lat' dir='ltr'>tribus</span> <span class='ocrx_word' id='word_1_220' title='bbox 913 4392 1088 4457; x_wconf 84' lang='lat' dir='ltr'>dumtaxat</span> <span class='ocrx_word' id='word_1_221' title='bbox 1107 4392 1216 4457; x_wconf 85' lang='lat' dir='ltr'>verbis</span> <span class='ocrx_word' id='word_1_222' title='bbox 1238 4393 1272 4454; x_wconf 91' lang='lat' dir='ltr'>ln</span> <span class='ocrx_word' id='word_1_223' title='bbox 1296 4390 1425 4471; x_wconf 82' lang='lat' dir='ltr'>praeia-</span> 
     </span>
     <span class='ocr_line' id='line_1_28' title="bbox 294 4505 1426 4593; baseline 0.004 -26"><span class='ocrx_word' id='word_1_224' title='bbox 294 4507 382 4568; x_wconf 89' lang='lat' dir='ltr'>tioue</span> <span class='ocrx_word' id='word_1_225' title='bbox 398 4505 497 4571; x_wconf 85' lang='lat' dir='ltr'>libelli</span> <span class='ocrx_word' id='word_1_226' title='bbox 515 4508 557 4571; x_wconf 89' lang='lat' dir='ltr'>ad</span> <span class='ocrx_word' id='word_1_227' title='bbox 574 4515 606 4573; x_wconf 89' lang='lat' dir='ltr'>te</span> <span class='ocrx_word' id='word_1_228' title='bbox 625 4510 714 4574; x_wconf 91' lang='lat' dir='ltr'>missi</span> <span class='ocrx_word' id='word_1_229' title='bbox 733 4508 889 4593; x_wconf 87' lang='lat' dir='ltr'>polliceor</span> <span class='ocrx_word' id='word_1_230' title='bbox 905 4529 958 4575; x_wconf 93' lang='lat' dir='ltr'>me</span> <span class='ocrx_word' id='word_1_231' title='bbox 970 4521 1089 4592; x_wconf 88' lang='lat' dir='ltr'>quarto</span> <span class='ocrx_word' id='word_1_232' title='bbox 1101 4513 1184 4576; x_wconf 91' lang='lat' dir='ltr'>libro</span> <span class='ocrx_word' id='word_1_233' title='bbox 1194 4515 1426 4576; x_wconf 88' lang='lat' dir='ltr'>tractaturum.</span> 
     </span>
     <span class='ocr_line' id='line_1_29' title="bbox 292 4621 1426 4712; baseline 0.004 -24"><span class='ocrx_word' id='word_1_234' title='bbox 292 4621 514 4700; x_wconf 83' lang='lat' dir='ltr'>Quamobrem</span> <span class='ocrx_word' id='word_1_235' title='bbox 534 4627 633 4691; x_wconf 89' lang='lat' dir='ltr'>etiam</span> <span class='ocrx_word' id='word_1_236' title='bbox 652 4629 825 4711; x_wconf 83' lang='lat' dir='ltr'>intelliges,</span> <span class='ocrx_word' id='word_1_237' title='bbox 842 4644 942 4712; x_wconf 88' lang='lat' dir='ltr'>quam</span> <span class='ocrx_word' id='word_1_238' title='bbox 960 4630 1088 4694; x_wconf 84' lang='lat' dir='ltr'>ardenti</span> <span class='ocrx_word' id='word_1_239' title='bbox 1108 4631 1290 4696; x_wconf 87' lang='lat' dir='ltr'>desiderem</span> <span class='ocrx_word' id='word_1_240' title='bbox 1306 4628 1426 4702; x_wconf 88' lang='lat' dir='ltr'>studio,</span> 
     </span>
     <span class='ocr_line' id='line_1_30' title="bbox 293 4739 1426 4832; baseline 0.006 -28"><span class='ocrx_word' id='word_1_241' title='bbox 293 4739 370 4819; x_wconf 89' lang='lat' dir='ltr'>quid</span> <span class='ocrx_word' id='word_1_242' title='bbox 388 4746 424 4805; x_wconf 90' lang='lat' dir='ltr'>tn</span> <span class='ocrx_word' id='word_1_243' title='bbox 440 4743 503 4807; x_wconf 88' lang='lat' dir='ltr'>bac</span> <span class='ocrx_word' id='word_1_244' title='bbox 523 4744 557 4809; x_wconf 94' lang='lat' dir='ltr'>in</span> <span class='ocrx_word' id='word_1_245' title='bbox 573 4752 667 4827; x_wconf 83' lang='lat' dir='ltr'>purte</span> <span class='ocrx_word' id='word_1_246' title='bbox 684 4749 818 4825; x_wconf 84' lang='lat' dir='ltr'>senties,</span> <span class='ocrx_word' id='word_1_247' title='bbox 836 4749 1084 4831; x_wconf 82' lang='lat' dir='ltr'>quamprimum</span> <span class='ocrx_word' id='word_1_248' title='bbox 1103 4752 1265 4832; x_wconf 79' lang='lat' dir='ltr'>accipere3</span> <span class='ocrx_word' id='word_1_249' title='bbox 1288 4762 1364 4814; x_wconf 88' lang='lat' dir='ltr'>eum</span> <span class='ocrx_word' id='word_1_250' title='bbox 1391 4755 1426 4812; x_wconf 89' lang='lat' dir='ltr'>tu</span> 
     </span>
     <span class='ocr_line' id='line_1_31' title="bbox 292 4857 1428 4952; baseline 0.008 -32"><span class='ocrx_word' id='word_1_251' title='bbox 292 4857 482 4925; x_wconf 89' lang='lat' dir='ltr'>coelestium</span> <span class='ocrx_word' id='word_1_252' title='bbox 502 4880 701 4930; x_wconf 78' lang='lat' dir='ltr'>areanorum</span> <span class='ocrx_word' id='word_1_253' title='bbox 718 4867 762 4930; x_wconf 87' lang='lat' dir='ltr'>sis</span> <span class='ocrx_word' id='word_1_254' title='bbox 774 4868 1006 4951; x_wconf 84' lang='lat' dir='ltr'>sagacissimus</span> <span class='ocrx_word' id='word_1_255' title='bbox 1016 4873 1189 4944; x_wconf 82' lang='lat' dir='ltr'>serutatur,</span> <span class='ocrx_word' id='word_1_256' title='bbox 1202 4871 1428 4952; x_wconf 80' lang='lat' dir='ltr'>particepsque</span> 
     </span>
     <span class='ocr_line' id='line_1_32' title="bbox 294 4975 1426 5069; baseline 0.011 -34"><span class='ocrx_word' id='word_1_257' title='bbox 294 4975 569 5044; x_wconf 82' lang='lat' dir='ltr'>consrrltissimus.</span> <span class='ocrx_word' id='word_1_258' title='bbox 586 4980 655 5046; x_wconf 83' lang='lat' dir='ltr'>Gur</span> <span class='ocrx_word' id='word_1_259' title='bbox 671 5000 768 5065; x_wconf 89' lang='lat' dir='ltr'>porro</span> <span class='ocrx_word' id='word_1_260' title='bbox 783 4984 919 5061; x_wconf 85' lang='lat' dir='ltr'>loetum,</span> <span class='ocrx_word' id='word_1_261' title='bbox 931 5002 1029 5067; x_wconf 92' lang='lat' dir='ltr'>quem</span> <span class='ocrx_word' id='word_1_262' title='bbox 1038 4987 1110 5069; x_wconf 86' lang='lat' dir='ltr'>jam</span> <span class='ocrx_word' id='word_1_263' title='bbox 1124 4987 1338 5069; x_wconf 86' lang='lat' dir='ltr'>parturiebas,</span> <span class='ocrx_word' id='word_1_264' title='bbox 1349 5002 1426 5049; x_wconf 90' lang='lat' dir='ltr'>eum</span> 
     </span>
     <span class='ocr_line' id='line_1_33' title="bbox 295 5091 1430 5180; baseline 0.009 -28"><span class='ocrx_word' id='word_1_265' title='bbox 295 5091 451 5157; x_wconf 89' lang='lat' dir='ltr'>nuntium</span> <span class='ocrx_word' id='word_1_266' title='bbox 470 5095 709 5175; x_wconf 88' lang='lat' dir='ltr'>praemitteres,</span> <span class='ocrx_word' id='word_1_267' title='bbox 732 5098 905 5180; x_wconf 89' lang='lat' dir='ltr'>bucusque</span> <span class='ocrx_word' id='word_1_268' title='bbox 925 5117 990 5164; x_wconf 93' lang='lat' dir='ltr'>non</span> <span class='ocrx_word' id='word_1_269' title='bbox 1013 5102 1172 5177; x_wconf 88' lang='lat' dir='ltr'>emiseris,</span> <span class='ocrx_word' id='word_1_270' title='bbox 1191 5101 1251 5165; x_wconf 91' lang='lat' dir='ltr'>etsi</span> <span class='ocrx_word' id='word_1_271' title='bbox 1272 5114 1430 5180; x_wconf 85' lang='lat' dir='ltr'>assequor</span> 
     </span>
     <span class='ocr_line' id='line_1_34' title="bbox 297 5207 1428 5299; baseline 0.008 -29"><span class='ocrx_word' id='word_1_272' title='bbox 297 5207 378 5272; x_wconf 84' lang='lat' dir='ltr'>torte</span> <span class='ocrx_word' id='word_1_273' title='bbox 391 5210 595 5293; x_wconf 81' lang='lat' dir='ltr'>cunjeotura,</span> <span class='ocrx_word' id='word_1_274' title='bbox 611 5213 760 5278; x_wconf 89' lang='lat' dir='ltr'>noudum</span> <span class='ocrx_word' id='word_1_275' title='bbox 780 5220 891 5279; x_wconf 66' lang='lat' dir='ltr'>umen</span> <span class='ocrx_word' id='word_1_276' title='bbox 912 5217 1006 5299; x_wconf 86' lang='lat' dir='ltr'>plene</span> <span class='ocrx_word' id='word_1_277' title='bbox 1021 5218 1132 5282; x_wconf 85' lang='lat' dir='ltr'>didici.</span> <span class='ocrx_word' id='word_1_278' title='bbox 1145 5218 1215 5283; x_wconf 83' lang='lat' dir='ltr'>iloc</span> <span class='ocrx_word' id='word_1_279' title='bbox 1227 5217 1343 5281; x_wconf 89' lang='lat' dir='ltr'>saltem</span> <span class='ocrx_word' id='word_1_280' title='bbox 1360 5216 1428 5280; x_wconf 87' lang='lat' dir='ltr'>lor-</span> 
     </span>
    </p>
   </div>
   <div class='ocr_carea' id='block_1_5' title="bbox 295 5325 1429 5502">
    <p class='ocr_par' dir='ltr' id='par_1_6' title="bbox 295 5325 1429 5502">
     <span class='ocr_line' id='line_1_35' title="bbox 295 5325 1429 5414; baseline 0.007 -27"><span class='ocrx_word' id='word_1_281' title='bbox 295 5325 392 5392; x_wconf 87' lang='lat' dir='ltr'>tassis</span> <span class='ocrx_word' id='word_1_282' title='bbox 406 5328 554 5408; x_wconf 81' lang='lat' dir='ltr'>profiteri</span> <span class='ocrx_word' id='word_1_283' title='bbox 569 5331 678 5406; x_wconf 86' lang='lat' dir='ltr'>liceat,</span> <span class='ocrx_word' id='word_1_284' title='bbox 696 5331 992 5414; x_wconf 65' lang='lat' dir='ltr'>nequamneuam</span> <span class='ocrx_word' id='word_1_285' title='bbox 1009 5334 1049 5397; x_wconf 90' lang='lat' dir='ltr'>iri</span> <span class='ocrx_word' id='word_1_286' title='bbox 1074 5335 1119 5397; x_wconf 87' lang='lat' dir='ltr'>rei</span> <span class='ocrx_word' id='word_1_287' title='bbox 1144 5332 1331 5408; x_wconf 77' lang='lat' dir='ltr'>litterariae,</span> <span class='ocrx_word' id='word_1_288' title='bbox 1353 5348 1429 5395; x_wconf 86' lang='lat' dir='ltr'>eor-</span> 
     </span>
     <span class='ocr_line' id='line_1_36' title="bbox 381 5438 1309 5502; baseline 0.008 -7"><span class='ocrx_word' id='word_1_289' title='bbox 381 5438 506 5496; x_wconf 80' lang='lat' dir='ltr'>Gsemno</span> <span class='ocrx_word' id='word_1_290' title='bbox 522 5441 640 5499; x_wconf 70' lang='lat' dir='ltr'>uiuus</span> <span class='ocrx_word' id='word_1_291' title='bbox 658 5473 692 5485; x_wconf 93' lang='lat'>-</span> <span class='ocrx_word' id='word_1_292' title='bbox 710 5445 742 5499; x_wconf 86' lang='lat' dir='ltr'>T.</span> <span class='ocrx_word' id='word_1_293' title='bbox 761 5445 811 5502; x_wconf 82' lang='lat' dir='ltr'>lx.</span> <span class='ocrx_word' id='word_1_294' title='bbox 1275 5447 1309 5502; x_wconf 75' lang='lat'>¹2</span> 
     </span>
    </p>
   </div>
   <div class='ocr_carea' id='block_1_6' title="bbox 0 0 1743 6932">
    <p class='ocr_par' dir='ltr' id='par_1_7' title="bbox 0 0 1743 6932">
     <span class='ocr_line' id='line_1_37' title="bbox 0 0 1743 6932; baseline 0 0"><span class='ocrx_word' id='word_1_295' title='bbox 0 0 1743 6932; x_wconf 95' lang='lat' dir='ltr'> </span> 
     </span>
    </p>
   </div>
  </div>
 </body>
</html>
