3434 6942
760 1278 863 1336 ANNO
884 1278 955 1337 lusu
1363 1276 1428 1346 2⁰3

290 1403 407 1471 Scribo
416 1406 487 1489 jam
508 1425 621 1473 rursus
644 1412 818 1476 occasione
841 1421 874 1478 et
897 1416 1055 1496 eclipseos
1081 1418 1167 1483 illius
1190 1420 1317 1497 solaris,
1339 1444 1425 1505 quae

292 1525 336 1589 lu
354 1524 445 1590 lenit
465 1542 572 1606 nuper
596 1527 728 1603 accidit,
749 1537 782 1593 et
809 1531 907 1595 libelli
939 1531 1040 1616 buius
1067 1535 1329 1619 qualiscumque,
1358 1544 1423 1622 qui,

267 1645 379 1728 ‘quod
405 1645 561 1728 prodierit
585 1663 658 1711 meo
682 1649 835 1723 nomine,
862 1651 949 1715 baud
974 1652 1086 1719 debuit
1109 1657 1165 1720 tibi
1189 1674 1259 1722 esse
1283 1659 1423 1740 ignotus.

290 1762 388 1828 Circa
403 1762 538 1843 eclipsin
558 1764 670 1845 itaque
689 1765 804 1831 eodem
824 1786 904 1834 usus
919 1786 993 1834 sum
1010 1780 1263 1856 apparatuque
1279 1778 1367 1840 circa
1384 1779 1425 1841 il·

294 1881 373 1953 lam,
388 1899 473 1962 quae
491 1883 629 1964 contigit
649 1901 738 1948 anno
756 1885 839 1950 1621
858 1894 891 1951 et
908 1888 948 1952 dc
963 1906 1030 1969 qua
1049 1890 1148 1954 etiam
1165 1891 1206 1954 ad
1230 1900 1261 1956 te
1283 1895 1424 1976 scripse-

291 2015 380 2072 ram,
399 1999 459 2062 nisi
478 2017 529 2063 me
549 2018 624 2064 mea
641 2004 802 2067 memoria
817 2004 912 2070 fallit.
932 2005 1056 2071 Verum
1080 2010 1243 2075 circulum
1266 2015 1423 2093 usurpavi

291 2116 392 2196 duplo
407 2117 647 2199 propemodum
665 2121 835 2203 maiorem,
858 2123 916 2202 qui
940 2140 1017 2186 cum
1041 2125 1213 2189 certiorem
1238 2145 1290 2190 me
1313 2126 1424 2191 lecerit

291 2236 485 2318 quantitatis
508 2236 681 2320 eclipseos,
706 2248 814 2303 cetera
839 2246 949 2304 tamen
973 2241 1098 2305 incerta
1121 2241 1265 2322 reliquit.
1295 2253 1424 2325 practer

294 2361 511 2430 momentum,
526 2375 593 2437 quo
606 2357 739 2439 eclipsis
757 2361 854 2440 cepit.
879 2359 964 2424 ilinc
989 2360 1056 2424 duo
1077 2360 1145 2436 illa,
1166 2378 1252 2441 quae
1275 2379 1423 2443 pronun-

292 2478 382 2540 ciare
402 2475 443 2539 de
459 2476 520 2538 boc
537 2475 665 2541 deiectu
683 2496 828 2558 possum,
844 2478 926 2541 baec
949 2487 1040 2544 sunl:
1064 2498 1180 2558 unum,
1202 2481 1339 2562 eclipsin
1362 2500 1422 2547 nc·

291 2594 342 2659 bis
354 2595 480 2679 cepisse
499 2595 532 2659 in
554 2595 616 2659 bac
634 2596 769 2660 civitate
785 2596 858 2662 Sole
878 2597 987 2662 adbuc
1001 2599 1132 2663 elevato
1152 2599 1193 2663 tt
1211 2617 1259 2680 gr.
1273 2599 1422 2676 lumin,

290 2713 353 2779 boc
368 2723 429 2788 esi,
448 2714 529 2779 cora
545 2714 578 2789 ii,
596 2715 675 2778 mlu.
693 2712 736 2778 16
764 2713 835 2794 112:
862 2716 1019 2790 alterum,
1045 2715 1310 2781 obscurationem
1338 2717 1422 2782 Solis

291 2833 475 2900 maximam
492 2834 592 2898 luisse
610 2833 702 2915 digit.
717 2833 770 2907 11,
784 2833 864 2897 mio.
883 2832 936 2900 32.
953 2834 1068 2901 Cetera
1081 2853 1170 2909 vero,
1181 2841 1233 2906 ut,
1245 2835 1421 2918 vestigium

290 2949 435 3033 primum
454 2950 610 3030 eclipseos
626 2950 817 3031 apparuisse
834 2950 871 3012 in
887 2950 1012 3015 circulo
1027 2952 1111 3015 citra
1128 2952 1340 3033 telescopiom
1363 2971 1421 3018 so·

289 3070 418 3152 periore
432 3070 549 3135 dextra
566 3074 657 3149 parte
674 3067 719 3135 35
733 3069 826 3153 grad.
841 3086 861 3132 a
878 3086 1032 3151 supremo
1049 3071 1166 3136 circuli
1190 3079 1329 3154 punctos
1350 3091 1422 3137 me·

290 3188 383 3254 ilium
398 3188 557 3270 eclipseos
576 3188 753 3271 contigisse
768 3188 842 3253 Sole
862 3188 930 3252 alto
945 3188 966 3254 6
982 3208 1031 3272 gr.
1049 3188 1093 3254 20
1112 3190 1204 3264 mic„
1219 3209 1278 3256 seu
1296 3191 1377 3256 bora
1399 3195 1420 3256 7

281 3304 373 3369 min.
393 3305 432 3370 11
452 3303 524 3386 1523
540 3304 679 3370 limbum
698 3305 895 3369 exteriorem
912 3304 1004 3370 iaicis
1023 3305 1204 3371 illustratae
1227 3307 1327 3372 luisse
1350 3315 1419 3373 lum

290 3423 452 3488 minorem
482 3422 692 3488 semicirculo
725 3422 766 3486 tc
802 3440 866 3504 gru
889 3422 996 3487 Solem
1020 3426 1271 3488 occumbentem
1295 3424 1376 3490 bora
1397 3429 1421 3491 8

288 3543 391 3608 t'uisse
409 3541 518 3605 adbuc
533 3541 746 3606 obscuratum
765 3541 856 3623 digit.
877 3539 986 3622 131&
1001 3548 1034 3605 et
1049 3542 1075 3605 si
1095 3558 1181 3623 quae
1204 3548 1282 3606 sunl
1305 3544 1421 3627 liujus·

289 3660 380 3726 modi
410 3674 555 3725 asserere
586 3676 652 3724 non
680 3659 813 3741 perinde
842 3660 960 3723 ausim.
990 3659 1176 3740 Utcumque
1200 3662 1280 3737 sict,
1310 3660 1420 3724 indico

286 3778 412 3854 omnia,
425 3779 515 3860 quod
531 3778 592 3843 boc
609 3779 707 3843 mollo
722 3794 817 3842 nosse
835 3779 915 3841 nibil
933 3785 1060 3842 noceat.
1082 3778 1135 3843 Ad
1160 3778 1306 3843 libellum
1331 3780 1419 3859 quod

287 3899 414 3973 attinet.
430 3899 459 3963 is
476 3905 618 3974 nonest,
637 3899 694 3978 qui
714 3905 880 3963 mereatur
895 3898 953 3963 libi
969 3899 1071 3962 bonas
1090 3899 1215 3980 aliquot
1236 3899 1436 3982 subducere

288 4015 399 4080 boras.
413 4017 506 4083 Habe
521 4015 614 4081 illum
632 4019 751 4092 solum,
768 4023 804 4080 ut
820 4017 940 4100 pignus
955 4017 1133 4080 continuae
1149 4034 1242 4081 meae
1257 4017 1290 4080 iu
1306 4025 1338 4080 te
1360 4020 1419 4081 ob·

289 4136 485 4209 1111111111,
503 4153 542 4200 cc
559 4136 783 4202 testimonium
801 4137 979 4201 memoriae
989 4135 1091 4217 jugis,
1109 4153 1176 4217 qua
1196 4143 1227 4199 te
1250 4136 1418 4200 absentem

289 4268 441 4328 senemr,
455 4260 488 4316 el
502 4253 711 4318 allectissime
726 4253 937 4335 complector.
954 4250 1056 4335 Spero
1067 4270 1119 4315 me
1137 4252 1419 4335 Constantinopoli

286 4370 377 4434 circa
395 4370 545 4435 natalitia
560 4370 722 4436 loturum.
739 4370 788 4435 Tu
807 4371 833 4434 si
852 4386 933 4469 ntea⁹
941 4369 1171 4435 observatione
1183 4370 1259 4440 illic,
1273 4372 1419 4435 aleren-

287 4488 391 4562 driae,
414 4488 529 4554 aliisve
553 4491 587 4554 in
612 4491 693 4555 locis
717 4489 853 4553 orientis
878 4489 1035 4570 indigeas.
1061 4496 1119 4553 aut
1141 4493 1217 4554 ante
1240 4486 1418 4553 discessum

286 4607 451 4690 significa,
466 4611 591 4674 scilicet
605 4616 682 4674 ante
698 4609 830 4675 initium
846 4609 1053 4684 Novembris.
1076 4615 1135 4674 aut
1156 4627 1234 4674 cum
1257 4607 1335 4673 illuc
1360 4627 1419 4689 ap-

288 4725 404 4807 pulero
427 4726 555 4791 destina
577 4726 621 4791 ati
643 4745 697 4793 me
721 4725 832 4791 literas
854 4725 942 4807 apud
967 4725 1241 4802 illustrissimum,
1262 4727 1319 4808 qui
1341 4742 1418 4789 cum

286 4861 327 4909 eo
340 4862 560 4911 concessurus
581 4863 670 4922 sum,
692 4844 966 4912 christianissimi
989 4843 1075 4929 regis
1097 4852 1272 4909 oratorem.
1297 4843 1420 4907 Videli-

287 4971 341 5029 cet
359 4965 467 5031 ubivis
483 4966 633 5047 gentium
655 4966 790 5031 babebis
814 4983 868 5030 mc
891 4982 1029 5049 semper,
1044 4971 1077 5030 el
1091 4965 1416 5032 observantissimum

286 5089 318 5145 et
337 5083 601 5150 amantissimum
619 5084 677 5150 tui.
697 5085 779 5148 Vive
795 5092 827 5149 et
845 5085 930 5150 vale.

767 5339 945 5372 «ιφ-
