3434 6942
755 1265 858 1325 Attrto
880 1266 948 1324 1⁸³2
1359 1251 1424 1319 319

285 1407 348 1469 che
366 1401 516 1486 maggior
532 1398 734 1484 pregintlizin
751 1399 957 1464 riceverebbe
975 1398 1011 1461 V.
1032 1398 1063 1462 S.
1082 1397 1216 1462 coinon
1236 1398 1263 1462 si
1282 1417 1417 1480 presen-

288 1531 360 1588 tore
384 1523 450 1586 cire
475 1520 528 1585 cot
563 1520 686 1587 renim.
716 1517 766 1586 Ne
792 1520 823 1583 ci
850 1536 888 1583 so
918 1517 1037 1582 vedere
1066 1518 1215 1599 msggior
1241 1519 1327 1583 meio
1356 1519 1418 1583 cire

288 1644 313 1707 it
342 1657 410 1706 nos
435 1639 557 1724 potensi
585 1638 770 1702 sssicnrsre
801 1637 835 1701 tii
862 1643 931 1702 ster
961 1653 1089 1718 seniore
1114 1635 1189 1700 inor
1210 1635 1243 1700 tii
1266 1653 1422 1710 carcere,

289 1758 343 1822 nei
359 1759 435 1840 quot
462 1760 573 1839 luogo,
595 1754 730 1838 quondo
753 1773 816 1838 pur
838 1752 908 1820 cosi
929 1755 1087 1836 secuisse,
1111 1772 1177 1818 non
1206 1754 1423 1820 monchereb-

290 1875 378 1938 beno
396 1890 416 1937 o
432 1873 471 1937 V.
491 1873 523 1939 S.
542 1878 628 1940 tntte
647 1875 678 1938 te
696 1869 865 1938 comeditis
883 1872 1039 1956 possibili,
1057 1871 1143 1937 com‘
1154 1873 1188 1937 io
1206 1872 1240 1938 te
1263 1890 1423 1954 procure-

290 1992 349 2055 rei.
382 1990 553 2058 Consideri
587 1991 722 2072 dunque
755 2008 818 2055 con
855 1991 886 2055 is
918 2007 981 2058 sne
1013 1990 1182 2072 prudenza
1208 1989 1283 2071 quei
1306 1989 1367 2053 eise
1392 1990 1422 2053 te

290 2109 470 2191 compleo
493 2108 726 2194 disponendnsi
747 2127 770 2173 s
789 2109 917 2185 venire,
941 2104 1089 2174 stsnittro
1112 2107 1143 2171 is
1165 2108 1365 2189 querentine
1388 2109 1420 2171 st

290 2226 424 2293 contine
439 2226 473 2292 ii
488 2225 779 2310 Aoqorpendente,
796 2224 894 2302 dove,
908 2226 992 2291 ottre
1016 2226 1072 2289 otti
1096 2226 1186 2291 renti
1211 2225 1319 2310 giorni
1342 2226 1423 2292 sud·

288 2343 384 2418 detti,
401 2345 430 2410 ie
450 2339 614 2409 converri
631 2351 718 2409 stsre
734 2345 808 2408 nitri
826 2343 947 2410 dedici.
962 2346 990 2410 E
1007 2345 1036 2409 te
1052 2344 1146 2409 becio
1162 2344 1190 2407 ie
1206 2345 1307 2409 meni.

780 2555 949 2582 -Φ-

676 2760 861 2806 BBNBDBTTO
884 2762 1034 2807 ctsrsstst

542 2951 594 3015 Do
618 2950 730 3026 Rome,
756 2951 800 3015 25
825 2950 992 3017 Decembre
1018 2951 1103 3017 1632
1126 2950 1171 3035 (l)

757 3160 799 3229 (A
821 3157 960 3224 Firenze)

361 3383 396 3428 lo
415 3381 511 3429 eticonis
528 3395 541 3426 s
556 3397 605 3428 non
623 3381 716 3428 tardere
731 3396 745 3425 o
762 3383 868 3427 mettersi
885 3381 910 3426 in
928 3379 1037 3442 rirggio,
1052 3379 1128 3428 anche
1144 3397 1187 3443 per
1204 3380 1307 3443 togliere
1332 3381 1354 3427 si

361 3455 462 3518 maligni
479 3471 513 3504 on
530 3466 634 3519 protecto
650 3455 677 3503 dt
693 3455 844 3504 oslnnnirrlo
859 3472 927 3504 come
942 3455 1028 3503 ribelie
1042 3473 1056 3502 e
1072 3467 1218 3521 contemnor.

382 3653 469 3718 Sono
488 3661 537 3719 tre
552 3654 699 3737 ordinerj
717 3656 778 3719 cire
795 3674 860 3719 non
874 3663 974 3738 teugo
986 3655 1103 3718 acciso
1115 3651 1155 3717 ne
1168 3655 1281 3718 lettere
1294 3653 1326 3714 di
1343 3651 1378 3714 V.
1393 3650 1424 3713 S.

293 3773 339 3838 So
353 3772 415 3837 cire
433 3773 479 3857 gii
495 3772 515 3838 ὲ
530 3776 622 3856 brige
639 3774 764 3857 grande
789 3775 820 3839 io
843 3775 997 3848 scrivere,
1023 3791 1077 3838 mr
1100 3790 1118 3837 s
1144 3791 1195 3836 rne
1220 3771 1335 3844 bosten
1359 3771 1423 3834 dne

292 3891 382 3954 versi
396 3891 457 3956 soii
476 3909 533 3975 per
548 3891 787 3957 consolacione.
803 3892 938 3956 intorno
950 3892 981 3954 ni
998 3907 1060 3955 suo
1073 3890 1209 3974 negocio
1220 3906 1278 3953 son
1291 3896 1424 3952 cesonio

292 4010 327 4073 in
348 4010 509 4091 pensiero,
525 4011 587 4075 cire
605 4030 670 4076 non
690 4012 820 4076 avendo
841 4013 906 4075 mni
924 4011 962 4074 V.
979 4012 1010 4076 S.
1029 4028 1222 4083 commesso,
1240 4006 1281 4074 ne
1299 4010 1332 4073 in
1352 4009 1423 4073 ietti
1527 4010 1529 4013 ’

291 4126 334 4194 ne
353 4130 387 4193 in
404 4130 529 4213 parole,
545 4130 586 4196 ne
602 4132 636 4195 in
654 4133 821 4204 sortitura,
837 4149 950 4194 errore
970 4129 1011 4196 nc
1027 4137 1257 4194 msncomento
1279 4146 1424 4192 nessnno

290 4253 410 4318 contro
425 4247 491 4310 stin
515 4248 616 4313 Senta
639 4249 755 4314 Metire
778 4247 908 4322 chiesa,
932 4248 942 4309 i
966 4247 1040 4311 suot
1064 4245 1198 4327 maligni
1224 4246 1423 4326 persecutori

291 4381 358 4428 non
377 4363 564 4429 desiderino
582 4365 677 4442 nitro,
693 4362 734 4430 ne
749 4364 912 4447 nspettino
926 4381 1004 4428 coen
1020 4360 1075 4444 piri
1092 4361 1153 4426 cire
1171 4361 1210 4424 tei
1230 4377 1295 4422 non
1316 4378 1424 4439 vergo

290 4482 445 4556 aliosne,
461 4501 519 4565 per
536 4492 646 4566 potere
666 4484 757 4548 siser
781 4483 809 4546 ie
833 4482 929 4563 gride
952 4481 1001 4544 ire
1027 4482 1057 4543 te
1082 4479 1178 4545 turbe
1201 4477 1383 4561 ignorante,
1406 4498 1424 4539 e

291 4602 444 4666 trnttrrts
463 4601 505 4666 ds
526 4602 638 4668 ribette
655 4621 673 4667 e
690 4610 899 4678 contumace,
915 4597 1079 4665 encorcise
1097 4600 1256 4682 legittima
1272 4613 1372 4661 censa
1395 4596 1424 4658 in
1525 4613 1532 4635 ⁴

297 4722 473 4802 trsttenge.
501 4720 657 4784 Perisnto
682 4721 767 4784 seret
796 4719 829 4782 di
861 4719 1011 4801 pensiero
1037 4717 1098 4780 cite
1128 4717 1250 4781 incesse
1274 4732 1341 4780 uon
1365 4731 1426 4796 gn-

294 4833 424 4914 gtisrdn
444 4835 678 4901 risotnctooee
704 4836 811 4901 storeo
841 4843 958 4900 contro
985 4834 1049 4898 otis
1082 4833 1255 4898 deboteeze
1282 4826 1424 4896 deit'etie

291 4955 446 5016 econtrn
463 4951 528 5015 sits
546 4951 697 5035 stacione
715 4952 851 5025 cettive‚
871 4970 890 5016 e
912 4952 940 5018 si
965 4957 1117 5017 mettesse
1140 4949 1175 5014 in
1200 4949 1346 5032 vieggioc
1372 4964 1425 5010 rna

290 5069 366 5134 neii’
383 5072 499 5137 istesso
517 5080 626 5154 tempo
645 5071 754 5136 vorrei
771 5072 831 5135 ctre
856 5071 1019 5134 scrivesse
1043 5085 1110 5133 uno
1134 5068 1242 5130 huone
1267 5064 1380 5128 lettera
1404 5080 1425 5125 o

361 5330 397 5388 t¹t
412 5327 524 5379 inedito.
541 5357 570 5366 -
588 5329 661 5381 MSS.
678 5330 747 5389 tiri,
765 5329 823 5378 Per.
841 5329 861 5385 Ι,
879 5329 911 5376 Τ.
932 5331 968 5387 to,
986 5323 1130 5387 anteguis.
