3434 6942
743 1251 845 1310 anno
872 1233 958 1302 1624
1375 1236 1420 1301 69

287 1404 354 1454 nna
379 1404 488 1461 mano,
514 1386 647 1450 ioninna
671 1384 759 1449 daila
783 1401 933 1466 persona,
952 1400 1021 1447 nnn
1038 1383 1125 1464 palia
1143 1383 1176 1446 di
1196 1383 1328 1465 piombo
1344 1379 1421 1468 (ac-

285 1505 339 1572 cio
362 1507 465 1569 i'aria
490 1507 522 1569 vi
547 1521 664 1570 anasse
688 1522 808 1570 manco
829 1505 1002 1570 occasione
1024 1522 1043 1566 e
1067 1503 1420 1584 preiensionesopra)‚

289 1644 308 1687 e
330 1626 417 1689 nciia
441 1619 583 1689 velociiis
605 1623 657 1686 dei
677 1628 767 1687 rnoio
792 1624 944 1687 insciasse
967 1620 1085 1686 eadere
1107 1621 1219 1702 quella
1238 1620 1337 1704 palia,
1360 1640 1420 1685 ve-

286 1744 405 1806 drebbc
428 1743 601 1825 seguiiarsi
627 1761 684 1822 per
705 1743 847 1822 qualche
870 1743 991 1823 spano,
1015 1759 1080 1804 non
1097 1747 1225 1805 osianie
1244 1739 1357 1815 Perias
1374 1742 1417 1804 dn

288 1863 398 1943 qneiin
423 1862 529 1943 pniia,
551 1879 653 1944 segno
683 1860 950 1924 manifesiissimo
972 1860 1097 1923 ch’eiia
1131 1877 1195 1924 non
1227 1876 1324 1923 casca
1343 1877 1419 1942 per-

290 1979 599 2062 pendicularmenie,
620 1996 674 2042 rna
697 1996 759 2044 con
784 1978 927 2060 impulso
950 1977 982 2041 di
1014 1979 1255 2061 progressione,
1270 1978 1314 2042 mi
1333 1978 1419 2042 disse

287 2100 347 2162 che
371 2115 451 2179 pore
473 2099 500 2162 ai
525 2104 642 2180 poieva
665 2095 837 2161 atiribnire
862 2096 999 2160 ali'arin
1023 2112 1133 2160 mosen
1156 2096 1210 2160 dai
1232 2112 1294 2160 sno
1308 2113 1418 2177 corpo.

286 2214 338 2281 Gii
353 2215 486 2296 repiioai
510 2214 571 2279 che
594 2231 739 2279 eonesse
754 2219 870 2278 eoniro
885 2217 915 2278 ai
935 2220 1044 2290 venio,
1068 2214 1099 2277 ai
1126 2214 1189 2277 che
1213 2231 1279 2278 non
1294 2215 1419 2294 rispose

287 2333 321 2394 in
345 2333 522 2406 contrario,
547 2348 600 2394 ma
624 2332 710 2396 disse
733 2333 815 2395 bene
836 2331 898 2394 ene
922 2333 954 2395 vi
974 2349 1081 2396 avena
1097 2348 1179 2414 gran
1200 2326 1366 2395 difficoli'n.
1382 2330 1419 2394 Ιο

289 2451 367 2513 νοΙΙί
392 2447 448 2531 piis
470 2451 532 2514 che
555 2458 672 2532 poievo
696 2451 779 2514 fario
803 2451 947 2515 rimaner
970 2467 1114 2533 capace,
1136 2468 1154 2513 e
1179 2451 1222 2533 gii
1246 2450 1324 2514 dissi
1356 2450 1418 2513 che

289 2568 511 2633 considerasse
528 2570 719 2649 qnainnqne
737 2568 922 2649 proiez'ione
944 2568 976 2632 di
1001 2585 1046 2632 un
1070 2586 1181 2650 corno,
1203 2585 1222 2630 e
1245 2569 1277 2630 in
1300 2555 1419 2648 ispecie
1470 2591 1475 2599 ·

292 2685 322 2747 ie
345 2686 517 2765 proiezioni
542 2686 604 2749 ohe
625 2686 653 2749 si
677 2685 779 2749 fanno
796 2685 1098 2762 orizzoniaimenie,
1114 2702 1208 2749 conae
1227 2684 1258 2747 di
1279 2701 1346 2748 nna
1362 2684 1421 2746 bn-

291 2805 386 2868 iesira
410 2824 428 2867 e
451 2805 548 2868 simili
572 2806 760 2878 strumenti,
783 2804 845 2867 ohe
869 2821 935 2868 non
959 2821 1040 2868 sono
1063 2806 1147 2869 cliro
1175 2802 1235 2868 che
1259 2821 1304 2868 nn
1329 2806 1418 2866 moio

290 2921 375 2984 deiia
398 2920 498 2983 corda
533 2921 749 2994 velocissimo,
774 2940 792 2984 e
822 2937 867 2985 nn
897 2921 1027 2984 inscias
1048 2920 1176 2996 cadere,
1202 2919 1254 2983 nei
1282 2919 1376 2982 flnire
1400 2918 1422 2982 ii

290 3044 389 3109 moin,
409 3036 440 3099 ia
456 3036 542 3118 palia
558 3037 804 3108 lineraimenae3
818 3055 837 3100 e
854 3037 927 3106 che.
946 3053 982 3099 se
999 3035 1028 3097 ia
1045 3036 1270 3118 proposizione
1285 3035 1317 3099 di
1334 3035 1374 3098 V.
1387 3035 1420 3100 S.

292 3174 358 3219 non
381 3156 468 3219 insse
492 3171 580 3227 vern,
606 3156 638 3218 ia
662 3155 748 3236 palia
764 3156 797 3218 di
817 3171 885 3218 nnn
901 3154 1041 3219 baiesira
1061 3154 1224 3217 dovrebbe
1238 3155 1347 3218 snbiio
1360 3172 1421 3218 ca-

292 3273 368 3336 dere
392 3273 424 3334 in
449 3279 550 3344 terra:
574 3269 664 3337 nesi
688 3278 806 3353 poieva
841 3273 1013 3336 aiiribnire
1047 3271 1185 3335 aii’aria
1207 3271 1283 3351 qne!
1321 3279 1422 3347 meio,

294 3388 413 3472 perche
429 3391 459 3454 ia
474 3390 573 3455 eorda
594 3409 634 3454 nc
652 3386 792 3479 movens
809 3390 1017 3471 pochiseima.
1033 3391 1097 3468 Qui
1114 3391 1234 3454 rimase
1250 3390 1420 3466 dnbhioso‚

293 3527 311 3570 e
335 3510 513 3573 nndnmmo
535 3509 774 3583 aii'Orazicne‚
799 3509 831 3571 in
853 3509 950 3590 qnaie
974 3508 1112 3572 essendo
1142 3508 1259 3572 durnin
1282 3509 1371 3573 circa
1401 3527 1421 3572 a

293 3626 430 3702 un’ora‚
454 3627 539 3710 dopo
562 3628 606 3691 mi
631 3627 717 3691 disse
739 3627 800 3689 che
824 3626 928 3690 aliona
945 3643 1052 3690 avere
1073 3645 1244 3709 compreso
1268 3626 1424 3708 quelche

295 3746 327 3806 io
351 3746 467 3831 dicero
490 3763 580 3809 esser
604 3762 692 3809 vero.
717 3746 752 3809 lo
776 3747 818 3808 ho
842 3745 955 3809 voinio
976 3743 1101 3824 ch'egii
1140 3744 1216 3807 resti
1239 3761 1361 3825 capace
1385 3743 1420 3807 di

294 3869 429 3943 anesio,
454 3860 572 3945 perche
607 3863 652 3926 mi
687 3832 764 3944 pare
793 3862 919 3942 ch’egli
947 3879 1012 3925 non
1043 3862 1232 3926 abborrisnn
1260 3861 1362 3926 mollo
1397 3859 1420 3923 ii

291 3988 379 4045 moio
401 3981 485 4045 deiia
517 3980 629 4056 Terra,
652 3980 785 4061 qnando
808 3981 839 4043 ci
862 3981 956 4044 siano
990 3979 1115 4062 regioni
1153 3981 1260 4044 huone
1289 3997 1346 4061 per
1375 3978 1420 4042 iai

295 4103 393 4172 moto,
415 4117 433 4160 e
455 4098 481 4160 si
500 4098 609 4162 levino
626 4098 655 4161 ie
672 4097 872 4180 oppoaizioni
891 4098 952 4161 che
971 4099 1003 4160 in
1023 4098 1190 4162 contrario
1204 4098 1232 4162 si
1248 4113 1420 4169 circesso:

293 4222 342 4277 ire
368 4215 397 4277 ie
420 4215 508 4295 quoii
532 4233 550 4277 n
577 4216 621 4279 ini
646 4233 769 4297 pareva
788 4221 903 4296 questa
926 4233 993 4278 nna
1017 4215 1309 4297 imporinniiseima
1332 4213 1421 4277 diffi-

292 4327 388 4395 ooiia.
411 4332 543 4410 Quanio
561 4334 592 4396 ai
611 4351 673 4397 sno
697 4333 898 4414 rispondere,
910 4335 943 4397 io
958 4351 1023 4397 non
1042 4351 1138 4416 posso
1157 4340 1326 4416 penetrare
1342 4352 1418 4398 cosa

292 4466 449 4520 nessaeo,
470 4466 535 4512 non
558 4450 695 4514 essendo
719 4449 784 4512 mai
807 4455 937 4514 eniraio
959 4451 1045 4514 neiie
1066 4467 1142 4514 cose
1170 4456 1308 4531 passaie.

379 4565 430 4630 Ηο
454 4566 569 4630 voinio
592 4567 653 4631 dar
666 4572 767 4633 conio
784 4567 1023 4632 minutemenie
1046 4586 1067 4631 a
1089 4568 1129 4632 V.
1144 4567 1175 4633 S.
1193 4567 1224 4631 oi
1240 4563 1303 4643 oin,
1319 4585 1339 4630 a
1356 4568 1422 4631 iine

291 4682 351 4747 che
375 4702 439 4747 non
459 4684 486 4747 si
503 4687 678 4769 maravigii
701 4704 736 4751 se
760 4704 828 4750 nnn
848 4685 936 4751 voiia
952 4686 1141 4751 diveniasse
1159 4693 1244 4752 intio
1258 4704 1330 4766 sno,
1345 4703 1422 4768 per-

291 4797 353 4863 che
376 4807 500 4865 mosira
523 4819 604 4882 gran
629 4802 790 4866 desiderio
813 4804 845 4867 di
871 4803 1041 4868 intendere
1060 4802 1089 4867 ie
1102 4821 1164 4868 sne
1177 4805 1335 4887 opinioni.
1354 4823 1372 4869 e
1389 4806 1420 4868 ia

291 4918 368 4982 loda
392 4920 587 4993 assaissimo‚
611 4938 646 4984 se
670 4922 751 4986 bene
774 4929 890 5004 qnesio
909 4922 1063 5004 polrebbe
1078 4940 1185 4986 essere
1201 4924 1354 4988 artifinio.
1371 4921 1421 4986 Da

292 5055 344 5101 me
370 5054 435 5101 non
459 5036 578 5104 caveri
603 5039 704 5116 nniln,
726 5058 823 5106 senza
846 5049 964 5123 sapnin
988 5041 1019 5105 di
1043 5041 1082 5104 V.
1100 5041 1143 5118 8.,
1160 5040 1190 5106 ia
1207 5042 1306 5123 qnnie
1322 5058 1422 5124 prego

292 5173 312 5217 a
343 5157 514 5223 scrivermi
547 5176 582 5223 se
614 5160 657 5240 gii
693 5159 796 5226 debbo
825 5165 983 5226 mostrare
1014 5161 1044 5224 ia
1078 5162 1217 5243 risposin
1251 5158 1419 5244 nil'lngoii

294 5274 428 5353 quando
453 5293 503 5341 ane
525 5275 544 5338 i’
559 5271 639 5342 avri
662 5277 827 5343 mandata.
853 5278 888 5344 lo
910 5279 1033 5344 inclino
1056 5279 1087 5344 ai
1111 5274 1151 5357 si,
1173 5273 1290 5360 perche
1305 5274 1324 5343 e
1341 5277 1423 5344 bene
