3434 6942
754 1297 856 1355 ΛΝΝΟ
879 1298 948 1355 1628

708 1568 822 1615 ΡΙΒΤΙΟ
845 1571 992 1618 GASSlllllll

595 1799 643 1864 Du
668 1802 749 1874 Ais.
774 1804 795 1865 2
819 1800 932 1866 Marso
957 1801 1043 1867 1628
1072 1804 1117 1887 (l)

750 2035 793 2102 (Α
813 2031 955 2098 lirense)

358 2249 395 2298 Gli
414 2250 502 2299 manda
518 2251 542 2299 le
558 2251 716 2299 mariniani
732 2251 763 2298 tle
781 2251 816 2299 lui
832 2251 891 2299 fatte
909 2251 1073 2301 nell'liccliase
1088 2255 1182 2302 lunare
1193 2255 1236 2303 del
1247 2260 1278 2304 2⁰
1289 2257 1350 2304 Gan-

358 2333 413 2378 naio
428 2329 455 2376 di
471 2327 627 2392 qucst’anno,
642 2346 656 2376 e
672 2329 697 2376 lo
713 2329 819 2377 richiede
836 2328 862 2376 dt
879 2328 1033 2391 quant’altro
1049 2347 1118 2393 possa
1133 2331 1289 2379 esaoGnlileo
1299 2332 1349 2379 dir·

358 2405 394 2468 gtt
407 2405 506 2452 intonso
522 2406 569 2453 tale
585 2415 732 2468 argomento

378 2619 427 2684 En
449 2619 630 2703 longissimi
653 2636 732 2683 saue
756 2620 921 2701 temporis,
944 2622 1139 2685 suavissime
1167 2618 1324 2695 Galilaea,
1349 2621 1420 2685 tae·

290 2756 352 2803 nus
369 2739 595 2823 perexiguum.
613 2743 655 2804 st
672 2739 774 2804 malni
794 2745 905 2802 umen
921 2740 1036 2821 paucis
1052 2740 1142 2804 hisce
1166 2740 1271 2816 lineis,
1289 2745 1420 2804 extem-

287 2875 463 2940 poraneam
487 2867 605 2923 nactus
621 2859 842 2930 occasionem.
862 2857 961 2923 tinem
981 2859 1089 2922 tacere
1104 2858 1263 2923 diuturno
1277 2859 1419 2930 silentio,

284 2993 385 3058 cnam
406 2979 566 3042 continua
590 2977 885 3058 procrastinatione
914 2977 956 3040 ad
989 2977 1246 3041 nanciscendum
1276 2978 1418 3042 otiosam

286 3095 453 3174 quandam
476 3095 640 3160 ecnbendi
668 3097 964 3176 opportunitatem,
998 3095 1079 3159 nihil
1111 3096 1247 3161 taudem
1278 3095 1421 3176 prescri-

287 3209 373 3273 bere.
402 3209 619 3277 Commodum
644 3218 732 3276 certe
755 3212 846 3278 adlui
871 3213 904 3276 iu
930 3213 992 3278 trac
1015 3214 1165 3291 civitate,
1187 3230 1266 3279 cum
1289 3223 1422 3279 senator

287 3329 385 3409 plane
406 3329 525 3394 nobilis
546 3330 704 3398 Nicotaus
727 3332 898 3397 Fabricius
929 3332 1085 3399 dominus
1109 3334 1246 3400 Peiresci
1271 3335 1423 3418 omnige-

288 3461 351 3509 nae
374 3446 424 3509 rir
447 3445 663 3522 litteraturae,
688 3465 727 3512 ac
750 3449 877 3514 artibus
907 3450 1001 3514 bonis
1032 3452 1267 3532 promovendis
1294 3453 1423 3534 impen-

286 3566 414 3631 sissime
449 3566 601 3642 deditus,
637 3569 763 3650 aliquot
798 3571 939 3634 Romam
977 3570 1100 3634 litteras
1137 3570 1241 3634 daret.
1275 3572 1423 3654 Rogatus

284 3684 420 3767 quippe,
444 3703 526 3751 uum
548 3693 582 3751 et
604 3686 729 3751 Romae
754 3694 878 3762 nosset.
901 3689 958 3770 qui
982 3706 1099 3754 curam
1132 3690 1299 3771 suscipere
1324 3689 1422 3754 vellet

287 3806 529 3872 transmittendi
553 3808 598 3871 ad
631 3815 664 3872 te
692 3807 910 3886 schedulam,
932 3809 1112 3886 exultavit,
1135 3817 1174 3874 ut
1196 3811 1253 3891 qui
1277 3810 1427 3874 emiuen-

288 3933 353 3991 tem
380 3927 539 3991 uirtutem
570 3933 662 3992 tuam
694 3929 813 3992 merito
842 3929 995 4003 miretur,
1018 3935 1051 3992 et
1074 3930 1197 4009 recepit
1221 3929 1309 3993 ultro
1329 3925 1368 4000 ln
1392 3946 1426 3992 sc

289 4044 374 4108 hanc
392 4046 622 4127 provinciam:
640 4064 680 4111 ac
699 4064 869 4131 pergerem
890 4055 1036 4124 tantum,
1058 4049 1086 4112 si
1109 4050 1189 4130 quid
1207 4048 1326 4112 vetum
1341 4048 1428 4112 scri·
1529 4023 1531 4027 ’

290 4165 383 4239 bere,
405 4170 521 4230 auctor
548 4167 667 4230 extitit.
698 4166 769 4231 Hoc
798 4167 907 4247 ipsum
936 4184 1016 4248 ergo
1046 4174 1110 4241 est,
1138 4168 1227 4248 quod
1253 4166 1360 4241 laci03
1383 4183 1422 4232 ac

287 4292 400 4348 cetera
422 4285 566 4365 quidem,
588 4303 674 4366 quae
696 4292 854 4366 concepta
879 4286 984 4350 habeo
1006 4287 1040 4349 in
1064 4287 1156 4351 aliud
1180 4294 1308 4369 tempus
1327 4287 1422 4350 diffe-

289 4418 377 4478 rens,
401 4401 467 4466 dno
488 4409 618 4467 tantum
638 4409 727 4480 sunt,
750 4419 835 4483 quae
853 4410 885 4466 te
900 4404 986 4467 scire
1009 4403 1120 4467 velim.
1144 4401 1254 4467 Unum
1276 4408 1334 4491 est,
1356 4403 1430 4466 tou-

289 4538 368 4604 gum
391 4538 463 4586 esse
489 4529 641 4604 tempus,
664 4539 707 4586 ex
732 4540 799 4603 quo
829 4523 967 4586 ubinam
998 4524 1041 4588 sit
1069 4523 1243 4607 gentium,
1268 4529 1326 4587 aut
1348 4523 1428 4605 qnitt

289 4647 366 4724 agat
388 4646 501 4707 noster
522 4641 694 4718 Diodatus,
719 4644 837 4706 rescire
860 4660 926 4706 non
952 4644 1053 4723 potui.
1076 4643 1338 4724 Quamprimum
1353 4642 1428 4725 qui·

292 4757 367 4822 dem
389 4776 431 4822 ex
453 4759 549 4823 ltalia
580 4759 692 4830 rediit,
724 4758 907 4822 transmisit
930 4757 973 4821 ad
998 4774 1049 4821 me
1073 4757 1174 4822 libros
1198 4757 1286 4832 illos,
1309 4757 1429 4839 quibus

293 4883 330 4940 tu
354 4892 406 4939 mc
428 4878 525 4940 beare
549 4877 679 4943 voluisti
704 4877 777 4962 (ita
800 4894 853 4940 me
876 4877 965 4942 Dens
983 4875 1132 4959 adjuvet,
1154 4884 1191 4940 ut
1216 4893 1337 4940 munus
1354 4875 1427 4956 eju·

292 4994 398 5058 smodi
422 5000 517 5059 tuum
540 5012 614 5060 sum
637 4996 862 5069 exosculatus,
886 5011 1002 5074 meque
1027 4993 1141 5076 gratiis
1166 4994 1221 5056 tibi
1247 4991 1424 5058 exsolven-

288 5109 339 5173 dis
362 5110 450 5175 sensi
473 5127 545 5175 ease
575 5111 734 5192 imparem
752 5109 779 5194 l,
810 5117 843 5175 at
872 5128 956 5191 quas
979 5128 1022 5173 ex
1045 5117 1077 5175 te
1102 5111 1228 5174 litteras
1251 5115 1322 5172 erat
1346 5107 1425 5172 milri

366 5287 399 5346 (t)
416 5283 489 5335 MSS.
507 5284 576 5343 Gal,
593 5284 651 5335 Par.
669 5285 718 5341 vi,
736 5285 766 5334 Τ.
787 5290 832 5344 tt,
850 5286 998 5349 automata:
1017 5286 1084 5335 etita
1102 5285 1145 5335 nel
1162 5286 1192 5335 T.
1211 5247 1244 5333 it
1262 5283 1330 5334 delle
1347 5285 1432 5348 opere

289 5358 468 5417 ursanensi,
486 5372 502 5410 o
517 5361 660 5422 rtprotmta
678 5363 703 5410 in
720 5367 795 5423 parte
809 5361 852 5411 ‹lal
868 5362 989 5420 Venturi,
1007 5361 1066 5410 Par.
1083 5361 1116 5419 tt,
1135 5374 1192 5422 pag.
1210 5363 1263 5409 tttt.
1399 5373 1401 5376 ·
