3434 6942
283 1257 348 1324 356
641 1270 815 1326 LETTERE
835 1272 861 1326 Α
880 1267 1048 1328 Gnnlnno

284 1405 316 1465 io
338 1420 395 1466 ero
416 1408 544 1467 enirnio
568 1402 600 1463 in
625 1418 783 1483 speranza
806 1401 839 1464 di
863 1400 965 1464 dovor
987 1400 1110 1463 sentire
1132 1417 1195 1464 oon
1217 1406 1329 1480 qoeeie
1346 1401 1412 1465 iei-

284 1520 432 1591 ierenhe
456 1520 486 1582 in
510 1534 749 1589 cansavnvesse
772 1518 1020 1587 nvntoinnnn
1037 1519 1148 1582 bnonn
1165 1519 1407 1583 terminatione.

284 1640 403 1717 Queiio
425 1639 487 1702 che
511 1656 575 1702 non
598 1634 617 1702 ὁ
641 1641 818 1712 avvennw,
836 1633 1037 1731 numediani,-
1055 1637 1217 1720 pinconio
1232 1650 1260 1700 ‘n
1283 1636 1359 1708 Dio:
1390 1657 1408 1700 e

286 1758 413 1820 intanto
434 1755 473 1818 V.
492 1755 523 1822 S.
547 1758 573 1820 si
596 1754 759 1828 conservi,
784 1753 873 1827 nesi
892 1753 970 1818 insci
982 1758 1189 1835 ¹irnsponiore
1204 1753 1293 1817 delia
1310 1751 1406 1818 nonii

286 1874 318 1936 di
342 1871 465 1936 codesti
489 1854 559 1935 nini
592 1870 785 1937 nbeverne
815 1863 871 1950 piin
902 1867 953 1930 dei
985 1866 1143 1950 bisogno,
1177 1873 1305 1932 mentre
1323 1869 1407 1949 >ogni

285 1992 444 2056 bicchiero
466 1991 520 2072 poi
545 1990 688 2064 lenonia
710 1994 802 2053 tanto
825 2006 920 2060 ουτος
943 2004 997 2052 mn
1021 1993 1224 2060 veramente,
1248 1975 1338 2051 noio
1364 1987 1407 2049 mi

287 2111 425 2175 trovassi
449 2109 480 2172 a!
502 2108 759 2185 cimentoinnei
784 2109 901 2190 poggio
923 2106 1033 2174 dilei.
1170 2194 1172 2199 Ι

376 2231 423 2294 La
445 2235 557 2292 nonina
580 2224 687 2292 senili
710 2236 759 2292 sin
782 2227 817 2290 in
840 2233 956 2307 questo
979 2226 1095 2308 gredo:
1129 2226 1208 2308 ogni
1244 2225 1362 2308 giorno
1383 2224 1412 2285 di

287 2348 419 2412 Finenze
441 2348 467 2410 si
492 2346 657 2410 mendeno
680 2346 712 2408 nl
736 2346 927 2410 Lenzeretio
948 2362 995 2408 nu
1015 2361 1156 2408 numero
1184 2343 1339 2417 di‘10,·o
1362 2342 1413 2415 12,

287 2487 306 2529 ο
331 2468 384 2541 15,
406 2485 426 2529 o
451 2467 493 2531 18
515 2466 652 2539 mniati,
676 2483 729 2529 mn
753 2483 827 2528 rnre
852 2465 940 2528 voiie
962 2466 989 2528 si
1013 2464 1123 2528 arnivn
1147 2462 1244 2534 n'18;
1268 2462 1289 2524 Ιί
1314 2461 1412 2524 morti

287 2603 368 2650 sono
393 2583 485 2670 (dico
507 2585 541 2649 in
565 2581 796 2668 Finenze)‚orn
821 2601 909 2659 uno,
931 2601 989 2647 orn
1014 2583 1102 2658 dun,
1124 2580 1338 2658 orn'tnnsed
1359 2596 1412 2644 οη

286 2709 418 2784 quattro
440 2702 462 2765 ii
486 2703 612 2786 giorno,
635 2721 654 2766 e
676 2701 817 2784 qualche
841 2701 931 2764 volta
953 2717 1111 2774 nesnun03
1127 2717 1147 2763 a
1162 2700 1283 2781 ninqno
1308 2698 1413 2762 nonni

285 2821 303 2885 i
326 2821 481 2894 nrrivnto,
495 2820 572 2894 mni,
594 2819 656 2883 che
677 2821 710 2883 io
733 2819 902 2900 sappiase
927 2817 1093 2881 rarissime
1118 2814 1204 2880 volte
1228 2832 1249 2878 n
1272 2819 1413 2896 questro.

287 2939 322 3001 ln
346 2946 460 3018 questo
482 2935 676 3011 comedoni
698 2934 716 2999 ὸ
738 2937 942 3017 quaioosette
965 2935 996 2998 di
1022 2934 1129 3008 mele,
1153 2950 1207 2996 mn
1235 2950 1305 2997 non
1337 2948 1414 3014 gnon

287 3072 386 3129 cosa,
409 3072 427 3116 e
449 3055 605 3135 qualcosn
627 3051 646 3117 ὸ
670 3054 703 3116 in
727 3052 944 3135 Poggibonsi‚
969 3053 1054 3116 dove
1076 3053 1103 3115 si
1131 3058 1228 3116 inova
1251 3050 1274 3114 ii
1305 3051 1415 3131 oignon

287 3173 453 3238 Canonico
476 3173 548 3239 Cini
572 3190 592 3235 a
615 3172 892 3255 noprnintendere.
916 3172 941 3236 ΙΙ
966 3179 1054 3237 resto
1086 3170 1172 3235 dello
1203 3168 1297 3235 Sinto
1327 3177 1416 3235 nenio

287 3290 346 3353 che
368 3286 386 3352 i
409 3305 499 3353 sano.
524 3290 548 3353 ΙΙ
572 3290 741 3354 meleone
765 3289 833 3354 fino
856 3308 876 3352 n
900 3305 959 3353 ora
980 3285 999 3352 ὲ
1021 3293 1108 3352 stnio
1135 3282 1204 3352 ensi
1240 3288 1416 3360 velenoso,

286 3410 346 3471 che
370 3425 491 3490 pareva
514 3427 611 3472 senza
635 3410 796 3486 timedio,
819 3428 879 3474 ore
903 3427 981 3491 pare
1005 3409 1066 3472 che
1089 3408 1232 3472 nominni
1257 3423 1277 3471 n
1302 3407 1415 3471 cedere

287 3527 565 3604 n'medicamenli,
578 3530 715 3594 essendo
728 3530 759 3592 nl
777 3531 968 3593 anznretto
982 3544 1119 3609 persone
1133 3526 1194 3589 ohe
1210 3526 1415 3609 gunniscono.

287 3644 418 3727 Seguiie
442 3648 473 3709 ia
495 3646 649 3710 clausura
673 3646 755 3708 deiie
778 3647 909 3721 donne,
939 3645 971 3708 di
1008 3644 1115 3727 quelle
1147 3640 1226 3725 peno
1258 3644 1322 3709 ohe
1354 3662 1415 3708 non

287 3778 426 3839 possono
449 3762 571 3823 andare
596 3731 714 3824 a'casa
743 3761 828 3822 nella
864 3763 994 3843 propria
1029 3780 1192 3826 cnnrozzn.
1231 3762 1268 3826 Li
1305 3767 1417 3826 contn-

287 3878 353 3939 dini
379 3896 444 3941 non
470 3880 496 3940 si
520 3886 723 3942 ammeliono
747 3880 779 3941 in
804 3878 951 3957 Firenze,
974 3881 1058 3946 fuori
1081 3881 1114 3945 di
1137 3880 1238 3962 quelli
1261 3880 1324 3945 che
1346 3899 1417 3962 por-

288 4003 364 4057 inno
388 3997 465 4058 roba
495 3998 535 4058 da
560 3997 734 4079 gabeiiare,
769 4017 786 4060 e
821 4000 846 4062 si
882 4000 1083 4064 continuano
1115 4017 1133 4062 e
1169 4000 1418 4064 s'introdncono

289 4112 387 4174 nuovi
413 4114 513 4177 buoni
548 4115 665 4177 ordini.
703 4114 824 4179 Sabain
852 4117 879 4179 si
913 4111 1080 4180 condurri
1113 4117 1360 4180 solennemenie
1385 4118 1415 4178 in

288 4229 422 4293 Firenze
446 4231 477 4295 in
502 4232 695 4296 miraculosa
712 4233 880 4297 Modonnn
898 4233 1178 4314 deii'lmpnuneia‚
1194 4253 1212 4297 e
1228 4234 1255 4296 si
1275 4235 1415 4298 iaranno

288 4351 482 4428 processioni
507 4353 547 4414 ed
570 4353 651 4415 nilne
675 4352 845 4415 devozioni
871 4352 1078 4434 perplacere
1108 4350 1183 4415 i'ira
1218 4353 1251 4416 di
1287 4351 1371 4424 Dio.
1394 4352 1415 4415 ἰΙ

286 4469 382 4547 quale
406 4469 435 4530 ei
460 4471 592 4552 perdoni
617 4488 634 4532 a
661 4473 734 4534 tulli
752 4490 769 4534 e
786 4471 904 4554 guardi
929 4471 967 4533 V.
985 4471 1027 4544 S..
1051 4472 1138 4536 noui
1154 4471 1251 4536 banio
1267 4471 1297 4534 ie
1319 4471 1415 4535 mani.

381 4586 415 4648 P.
434 4585 469 4648 S.
494 4588 517 4650 ΙΙ
544 4588 629 4651 maie
653 4589 736 4652 neiio
759 4606 834 4652 cnse
858 4588 907 4652 de'
921 4590 1019 4654 nobili
1037 4607 1102 4654 non
1119 4590 1144 4654 si
1163 4590 1194 4652 ia
1212 4584 1270 4669 piin
1286 4590 1414 4654 sentire.
