3434 6942
652 1267 823 1324 terrente
843 1269 869 1324 Α
888 1266 1055 1325 dilictio

473 1495 590 1552 rurus
610 1495 913 1557 DIMOSTRAZIONE
934 1497 1007 1556 DBL
1028 1495 1236 1558 PROBLRUA

510 1721 637 1792 Attcpctu
654 1721 728 1778 celtu
748 1720 860 1778 lettera
878 1721 922 1778 dcl
944 1721 983 1777 tt
1003 1721 1142 1779 Fcldrnin
1162 1722 1197 1794 (t)

358 1953 432 2010 liuta
451 1954 533 2009 recte
551 1949 628 2008 linea
648 1950 805 2009 terminate
824 1950 870 2007 SO
890 1951 937 2023 (Τ),
955 1964 1034 2023 quee
1062 1965 1132 2008 cum
1160 1948 1357 2011 interminate
1378 1950 1422 2009 ΟΟ

286 2052 436 2111 contineat
454 2051 556 2108 dutum
574 2049 717 2124 ungulum
736 2055 878 2123 optusum
887 2050 969 2119 BOS,
980 2050 1149 2123 producere
1166 2050 1213 2108 so
1225 2064 1335 2110 versus
1347 2049 1383 2120 Ο,
1395 2057 1424 2108 ut

285 2170 332 2212 es.
349 2168 404 2226 pn,
423 2152 453 2208 in
474 2152 512 2219 Η,
530 2151 572 2210 lte
591 2156 623 2211 ut
641 2152 691 2209 ΕΟ
711 2153 720 2223 (
731 2166 821 2225 quem
841 2152 992 2212 abscindit
1010 2150 1268 2224 perpendicularis
1283 2150 1423 2210 cadem

285 2256 397 2326 puncto
415 2252 443 2308 ti
462 2265 552 2322 super
569 2250 638 2323 ΒΟ)
656 2265 726 2309 curu
746 2251 843 2309 medie
856 2251 936 2310 luter
947 2252 1005 2316 sn.
1019 2251 1085 2318 ΗΟ,
1098 2251 1137 2311 slt
1151 2250 1288 2324 effluatis
1301 2253 1360 2325 ipsl
1375 2251 1423 2309 liti

251 2369 255 2377 ·
285 2370 353 2412 cum
373 2353 468 2411 medie
488 2353 565 2412 inter
582 2352 647 2422 ΗΟ,
666 2353 722 2411 OS.
931 2345 940 2356 “

357 2456 395 2516 Ut
414 2455 565 2526 decerpo
592 2453 665 2522 flet,
692 2453 838 2526 producte
856 2453 904 2513 80
921 2454 991 2513 illue
1010 2453 1079 2513 inde
1100 2454 1275 2523 indefinite,
1294 2460 1426 2514 sumetur

286 2558 316 2612 in
334 2555 398 2628 ipse
417 2554 564 2627 products
582 2553 621 2610 nd
640 2558 741 2626 partes
759 2555 784 2610 Ο
797 2552 923 2626 quilibet
937 2558 1077 2627 punctus,
1086 2569 1135 2613 ex.
1148 2569 1204 2628 pr..
1218 2556 1256 2623 n,
1269 2569 1290 2613 u
1304 2569 1368 2629 quc
1382 2568 1425 2612 ce

285 2656 336 2714 det
353 2651 610 2727 perpendicularis
627 2653 673 2713 DC
695 2667 786 2724 super
803 2652 866 2718 B0;
886 2652 993 2711 deinde
1010 2665 1028 2709 e
1047 2657 1142 2726 puutu
1161 2652 1186 2710 Ο
1203 2653 1339 2712 excitate
1366 2666 1425 2725 per·

287 2755 473 2827 pendiculuri
488 2755 545 2827 ipsi
560 2755 621 2823 OS,
638 2757 670 2812 et
686 2752 853 2820 indefinite,
876 2767 953 2826 quue
972 2752 1095 2821 citou,
1114 2757 1246 2827 ponetur
1262 2753 1363 2811 eidem
1382 2753 1427 2810 ΟΟ

288 2855 467 2915 indirectum
484 2856 522 2913 ed
540 2860 684 2928 punctum
703 2855 821 2913 orecte
835 2853 888 2914 ΧΟ
902 2853 1037 2927 umnelin
1050 2852 1188 2912 excessui
1203 2853 1255 2912 ΟΟ
1267 2867 1361 2926 super
1374 2853 1427 2919 CO.

288 2965 318 3017 et
331 2958 477 3032 jungetur
495 2959 559 3025 ΟΧ,
578 2962 609 3016 et
626 2971 645 3015 s
665 2962 780 3029 puncto
797 2956 821 3014 Ο
840 2956 968 3014 ducetur
984 2971 1089 3014 versus
1107 2955 1162 3014 xil
1179 2959 1262 3014 recu
1281 2954 1346 3019 uti,
1364 2969 1429 3013 cun

290 3059 386 3116 tineus
404 3071 473 3114 cum
492 3058 546 3116 DX
563 3056 706 3130 ungulum
720 3056 798 3114 UDX
811 3053 967 3128 muuelem
982 3055 1096 3130 nnpuln
1107 3055 1198 3123 ΟΧΟ,
1208 3058 1371 3114 mucuns
1383 3067 1430 3111 uu

290 3164 350 3214 tem
369 3155 418 3214 DU
435 3170 505 3212 cum
522 3154 586 3218 xli,
604 3153 676 3226 quie
689 3153 833 3227 praedicti
849 3153 952 3228 eupuli
964 3157 1035 3214 suut
1046 3154 1164 3212 duetus
1178 3153 1271 3213 rectis
1285 3153 1429 3218 minum:

291 3255 331 3314 sit
346 3269 511 3313 concursus
530 3253 560 3310 iu
579 3253 616 3320 U,
632 3257 663 3312 et
679 3255 718 3310 nt)
738 3254 763 3313 ll
781 3254 928 3314 excitetur
945 3252 1203 3328 perpendicularis
1220 3253 1271 3313 ΟΤ
1285 3253 1346 3328 ipsi
1367 3254 1414 3314 ΟΟ
1422 3293 1430 3319 ,

291 3367 369 3427 quae
383 3357 546 3413 concurret
562 3369 631 3412 cum
651 3336 706 3422 DS',
721 3354 791 3427 quie
804 3353 933 3429 ungulus
948 3355 1020 3415 iilis
1031 3359 1078 3415 est
1090 3359 1206 3424 erutus,
1218 3353 1267 3413 rel
1277 3369 1355 3431 erpo
1368 3369 1433 3413 ceu·

292 3469 397 3513 cursus
414 3453 549 3512 fueritin
567 3458 680 3527 punctu
698 3456 728 3523 S,
746 3455 836 3514 etsie
861 3455 990 3514 hebetur
1015 3454 1161 3513 intentum
1186 3458 1219 3514 ut
1243 3454 1370 3527 patebit.
1386 3454 1430 3513 ret

294 3570 458 3614 concursus
476 3560 522 3615 est
539 3557 578 3613 nd
596 3556 677 3614 eliud
696 3560 838 3628 puuctum
858 3560 890 3614 ut
908 3556 947 3613 ud
965 3557 1010 3624 Τ,
1029 3560 1101 3616 tuuc
1118 3560 1218 3615 entem
1238 3570 1258 3614 u
1277 3561 1392 3629 punctu
1415 3554 1433 3612 S

295 3658 421 3717 ducetur
439 3659 484 3717 sn
503 3658 648 3731 perullelu
667 3658 724 3731 tpsl
743 3659 792 3716 ΤΟ
811 3672 918 3716 secans
935 3657 986 3716 011
1004 3658 1035 3715 in
1057 3660 1091 3717 lt.
1113 3659 1227 3717 Rursus
1244 3672 1264 3715 u
1282 3658 1433 3730 punctuli

296 3763 376 3818 reete
396 3761 461 3829 llil,
479 3759 623 3832 pereltele
642 3758 699 3831 ipsi
711 3759 770 3826 ΟΟ,
779 3773 886 3816 secem
906 3758 954 3817 ΟΟ
972 3758 1003 3815 iu
1016 3760 1056 3826 Η,
1067 3758 1230 3819 eltrudem
1243 3771 1264 3816 u
1278 3758 1434 3831 punctuli

296 3866 377 3920 rectu
395 3861 449 3918 ΗΕ
468 3859 611 3933 parelletu
630 3860 686 3932 ipsi
706 3861 764 3927 ΟΟ,
782 3875 861 3933 quue
879 3860 948 3917 iden
959 3862 1017 3921 erit
1029 3860 1287 3934 perpendicularis
1301 3859 1361 3933 ipsi
1375 3859 1433 3921 ΒΟς

295 3960 363 4018 dico
377 3961 467 4034 igitur
479 3965 622 4032 punctum
635 3960 665 4016 Η
674 3975 739 4019 esse
749 3965 892 4032 punctum
909 3962 1091 4033 quaesitum.
1105 3960 1181 4029 Quia
1191 3961 1272 4019 euim
1281 3959 1380 4032 prime
1390 3958 1434 4017 uti

296 4060 412 4120 excedit
430 4061 591 4116 secundem
607 4059 656 4118 UO
669 4061 789 4134 aequali
800 4076 926 4119 excessu
940 4061 968 4118 ei
984 4077 1046 4135 quo
1057 4062 1143 4120 tertie
1157 4061 1207 4120 ΟΟ
1222 4059 1343 4120 excedit
1354 4073 1435 4134 quer·

297 4170 358 4222 tum
377 4162 444 4227 Oc.
463 4162 598 4234 sequitur
617 4163 626 4234 t
636 4177 703 4220 cum
722 4162 797 4220 istuc
815 4162 875 4221 siut
893 4163 1059 4221 aritmettce
1077 4159 1340 4235 proportionales)
1359 4158 1434 4233 quud

297 4263 394 4336 primu
413 4268 444 4321 et
461 4267 578 4335 quartu,
598 4275 704 4333 nempe
723 4262 783 4327 nu,
801 4261 901 4319 medie
919 4261 997 4319 inter
1014 4262 1075 4328 ΤΟ,
1094 4261 1154 4327 ΟΟ,
1166 4263 1197 4319 et
1207 4259 1306 4331 lpsem
1323 4257 1383 4326 co,
1395 4270 1436 4315 se

297 4363 386 4436 queri
402 4358 551 4423 secundae
568 4366 599 4420 et
616 4362 731 4428 tertiae,
749 4376 856 4435 nempe
873 4362 957 4434 ipsus
968 4362 1019 4420 ΟΟ
1032 4360 1147 4419 medius
1162 4363 1239 4420 inter
1253 4360 1318 4428 ΤΟ,
1331 4359 1393 4426 ot),
1403 4357 1435 4416 ri

298 4462 360 4522 mul
378 4480 446 4523 cum
465 4464 529 4522 OD:
549 4463 574 4522 si
592 4477 665 4537 ergo
684 4468 826 4535 punctum
845 4464 870 4521 Τ
887 4462 991 4522 inisset
1009 4466 1152 4534 puuctum
1168 4462 1189 4518 S
1198 4461 1264 4534 jem
1278 4459 1436 4519 habemur

296 4565 451 4630 intentum,
469 4563 521 4621 sed
540 4566 639 4621 tamen
659 4563 716 4621 huc
736 4578 795 4621 non
814 4563 978 4629 existente,
1003 4561 1080 4620 idem
1098 4561 1261 4620 obtinetur.
1288 4559 1435 4630 Quonim

297 4667 376 4724 enim
396 4670 441 4723 est
458 4665 506 4723 CO
525 4664 563 4721 ed
582 4665 632 4722 EO
652 4669 684 4722 ut
703 4664 752 4722 ΟΟ
773 4664 810 4721 ed
830 4665 905 4731 ΟΗ,
931 4667 962 4722 et
990 4662 1107 4736 relique
1135 4663 1174 4720 ud
1202 4660 1340 4736 relique,
1367 4660 1436 4716 idest

297 4780 437 4824 excessus
456 4767 505 4823 ΟΟ
524 4780 615 4838 super
632 4765 680 4823 OC
693 4765 732 4821 ud
744 4780 900 4823 excessum
911 4765 966 4821 ΗΟ
979 4778 1069 4835 super
1083 4762 1133 4821 OE
1146 4762 1204 4822 erit
1215 4766 1249 4821 ut
1260 4761 1312 4821 uo
1325 4760 1364 4820 ed
1376 4759 1433 4819 ΟΕ.

297 4865 373 4923 idest
391 4868 424 4922 ut
441 4863 491 4920 ΟΟ
510 4864 548 4920 ed
566 4864 633 4930 ott,
652 4864 728 4922 idest
746 4868 778 4921 ut
797 4865 846 4922 nu
865 4863 903 4920 ed
922 4864 992 4932 lili,
1013 4864 1089 4923 idest
1107 4868 1139 4922 ut
1156 4876 1299 4922 excessus
1318 4862 1368 4922 uu
1395 4874 1435 4917 su·

374 5089 410 5147 (t)
423 5087 509 5137 Trntn
525 5094 615 5151 questu
633 5091 731 5150 quanto
749 5086 839 5137 l'rltrr
856 5087 1062 5140 dimostrrrlune
1083 5091 1134 5140 else
1156 5101 1237 5155 segue
1260 5088 1333 5140 dello
1355 5094 1431 5139 aare

300 5159 446 5221 Problemr,
462 5164 483 5211 si
500 5162 589 5211 hunno
606 5160 648 5209 nel
666 5159 704 5211 2⁰
719 5160 760 5209 dei
776 5159 866 5211 Codici
882 5161 991 5214 Psintini
1007 5165 1076 5215 delle
1092 5164 1180 5216 (iissre
1192 5167 1328 5229 ntxsporr
1343 5167 1371 5216 di
1387 5161 1433 5212 dn·

301 5236 368 5294 tileo,
386 5235 429 5286 nel
445 5237 524 5302 quale
540 5236 560 5286 si
576 5240 745 5299 contenpono
762 5237 860 5287 uutirle
876 5249 891 5287 e
908 5240 975 5305 studi
990 5239 1034 5290 del
1049 5238 1186 5293 Curulicri.

374 5315 408 5372 (et
426 5311 536 5376 Veggrsi
552 5311 621 5363 nelle
637 5310 734 5366 Tercle
751 5310 775 5363 lu
791 5310 849 5375 i'tp.
866 5315 889 5365 t.
