3434 6942
290 1287 354 1351 126
648 1303 819 1359 turrano
839 1305 864 1359 A
883 1302 1051 1361 uttttno

286 1433 550 1513 consignaturus,
573 1435 683 1498 nescio
706 1454 772 1516 qno
795 1435 983 1499 miserando
1012 1435 1081 1499 lato
1108 1442 1284 1518 expectare
1308 1435 1422 1501 adbuc

286 1553 465 1636 contingat.
496 1553 586 1618 Haec
616 1571 696 1617 saue
727 1553 789 1618 luit
819 1555 997 1637 praecipua
1022 1573 1140 1631 causa,
1163 1573 1224 1619 cur
1248 1556 1367 1620 tandiu
1392 1563 1424 1619 et

289 1671 479 1748 rescribere,
501 1680 534 1736 et
558 1679 667 1754 grates
700 1691 758 1755 pro
790 1674 941 1739 tnls'illis
967 1675 1055 1738 libris
1080 1677 1257 1757 rependere
1280 1675 1423 1740 distule-

288 1791 360 1854 rim.
383 1790 612 1855 Praestolabar
634 1791 800 1867 videlieet,
832 1809 912 1857 num
945 1793 1055 1858 forsan
1079 1811 1122 1857 ex
1145 1810 1212 1869 me,
1235 1793 1322 1856 bona
1347 1810 1422 1856 mea

287 1917 386 1986 sorte,
409 1909 510 1974 officii
533 1910 702 1992 quidpiam
726 1911 883 1992 exigeres,
904 1917 941 1975 ut
960 1911 1059 1977 simul
1079 1911 1147 1987 tibi,
1162 1915 1195 1974 et
1210 1927 1319 1974 meam
1345 1928 1424 1974 sen·

286 2030 422 2093 tentiam
445 2030 535 2093 circa
559 2029 657 2094 libros
681 2037 755 2093 tuos
777 2031 954 2112 aperirem,
986 2036 1019 2094 ct
1047 2031 1137 2095 circa
1166 2031 1278 2096 omnia
1308 2027 1423 2115 (quae

287 2164 361 2210 mea
384 2152 432 2211 est
454 2147 487 2210 in
511 2155 543 2212 te
566 2145 804 2232 observantia)
824 2149 1034 2230 obsequendo
1068 2149 1303 2214 satisfacerem.
1327 2149 1422 2213 lllte-

289 2283 374 2340 rum,
396 2284 472 2331 cum
496 2276 528 2331 et
552 2267 621 2331 lrelc
647 2285 750 2348 nuper
774 2276 920 2351 tempore
938 2268 1084 2335 detectus
1100 2267 1225 2333 lunaria
1247 2269 1290 2331 ob
1315 2285 1419 2351 nego-

289 2386 335 2447 tia
362 2384 523 2465 quaedam
552 2387 757 2461 diversarer,
783 2385 947 2450 delectum
983 2386 1078 2451 illum
1113 2402 1132 2449 a
1169 2403 1221 2449 mc
1254 2374 1356 2449 simul
1391 2393 1421 2449 et

287 2505 428 2587 Josepbo
451 2505 508 2569 illo
530 2505 712 2579 Ganlterio,
742 2505 839 2588 cnjus
863 2505 918 2568 tibi
944 2505 1143 2569 mentionem
1169 2505 1229 2569 leci
1254 2504 1421 2586 prioribus

288 2623 427 2700 litteris,
449 2623 557 2689 luisse
589 2623 703 2687 sedulo
731 2622 954 2687 observatum.
987 2620 1129 2686 Scilicet
1143 2621 1322 2695 existimo,
1342 2638 1421 2685 cum

287 2743 416 2808 eoelum
438 2742 495 2807 libi
519 2743 617 2808 luerit
640 2749 752 2806 nostro
775 2741 837 2806 boc
861 2740 1008 2814 saeculo,
1032 2758 1075 2804 ex
1100 2745 1176 2803 voto
1199 2738 1422 2820 Hipparcbico

287 2860 320 2922 in
345 2859 576 2924 haereditatem
600 2858 726 2935 datum,
751 2858 950 2922 laetaturum
974 2864 1016 2931 le,
1038 2874 1115 2920 cum
1135 2856 1301 2937 acceperis
1321 2872 1420 2936 prae·

287 2985 338 3041 sto
360 2994 446 3052 esse,
470 2978 526 3058 qui
550 2977 616 3040 tuis
638 2975 877 3057 subauspiciis
901 2976 1005 3040 velint
1026 2975 1134 3058 ipsum
1158 2975 1320 3039 excolere.
1349 2978 1416 3039 Ac-

286 3095 357 3174 cipe
379 3111 458 3176 ergo
481 3094 616 3174 paucis,
639 3110 723 3174 qnae
748 3093 845 3156 inerit
876 3100 988 3158 nostra
1011 3092 1177 3175 Eclipseos
1206 3091 1416 3166 observatio,

287 3210 383 3292 cujus
406 3216 498 3274 tanto
520 3209 663 3283 alacrius
694 3210 750 3274 tibi
780 3210 908 3292 copiam
939 3211 1040 3287 tacto,
1063 3217 1190 3292 quanto
1213 3210 1256 3273 ad
1278 3226 1417 3275 manu·

286 3325 386 3393 etiam
408 3333 467 3404 est,
490 3335 642 3412 pergrata
657 3348 788 3416 quoque
811 3331 869 3395 tibi
893 3330 1018 3406 lutura,
1040 3347 1127 3412 quae
1152 3331 1194 3393 ab
1217 3329 1335 3394 amicis
1356 3329 1419 3394 ali·

280 3457 366 3543 ‘quot
394 3450 513 3514 nostris
535 3457 585 3514 est
608 3450 693 3515 lacta
717 3450 864 3515 Parisiis.
897 3451 950 3515 Ad
983 3459 1129 3515 nostram
1161 3448 1249 3530 quod
1282 3449 1416 3522 attinet,

286 3569 425 3633 dicenda
448 3569 553 3633 multa
571 3570 643 3652 jam
667 3569 820 3633 haberem
843 3569 932 3632 circa
947 3569 1150 3634 uarietatem
1172 3567 1336 3643 colorum,
1359 3568 1416 3648 qui

285 3689 318 3752 in
348 3690 441 3754 Luna
474 3690 639 3755 observati
672 3696 771 3761 sunt;
807 3690 950 3766 itemque
982 3688 1072 3750 circa
1105 3686 1284 3751 umbellam
1309 3686 1417 3758 illam,

285 3825 371 3889 qnae
393 3808 482 3872 limbi
506 3809 619 3872 Lunae
639 3806 886 3870 temerationem
903 3805 998 3869 initio
1015 3805 1203 3887 praecessit,
1216 3812 1250 3868 et
1264 3803 1415 3886 eJusdcm

285 3929 522 3991 restitutionem
553 3927 595 3990 ad
625 3926 724 3990 linem
756 3925 958 4006 subsequuta
989 3932 1054 3999 est,
1084 3934 1280 4004 caeteraque
1315 3923 1416 4005 buju-

286 4044 408 4115 smodi,
431 4045 549 4124 quibus
572 4044 671 4126 probe
693 4043 912 4124 explicandis,
936 4044 1006 4107 sola
1041 4051 1099 4106 tua
1129 4042 1185 4105 illa
1211 4040 1416 4122 philosophia

286 4169 392 4244 potest
420 4179 491 4227 esse
521 4179 588 4244 par.
619 4161 743 4226 Verum
770 4158 911 4225 sufficiet
943 4176 1031 4223 nunc
1063 4157 1219 4240 temporis
1243 4157 1417 4240 designare

288 4287 453 4346 momenta
467 4282 548 4359 illa,
569 4299 654 4362 quae
679 4281 878 4345 deduximus
900 4298 943 4343 ex
967 4280 1042 4344 lixis
1067 4280 1098 4341 in
1123 4286 1266 4359 quatuor
1288 4275 1417 4358 praeci-

287 4400 360 4481 puis
382 4401 548 4484 Eclipseos
570 4399 770 4465 cardinibus.
800 4398 930 4464 Exinde
961 4416 1078 4478 nempe
1099 4394 1291 4468 efficietur,
1323 4401 1360 4458 ut
1390 4396 1417 4456 st

286 4518 368 4584 torte
390 4518 524 4600 aliquod
547 4519 679 4583 illorum
702 4520 913 4584 observatum
950 4518 1048 4583 luerit
1080 4516 1243 4585 Venetiis.
1274 4515 1416 4587 Romae,

285 4643 331 4709 et.
355 4637 443 4717 quod
468 4654 533 4699 non
558 4637 685 4712 dubito,·
707 4637 908 4708 Florentiae,
932 4643 989 4699 aut
1012 4636 1078 4698 allo
1103 4635 1175 4698 loco
1190 4632 1327 4701 celebri.
1353 4649 1416 4695 cu·

282 4755 339 4835 jus
362 4754 418 4816 tibi
445 4754 545 4818 facile.
561 4756 659 4821 luerit
683 4756 801 4819 babere
826 4755 992 4825 notitiam,
1028 4755 1124 4818 liceat
1158 4752 1263 4816 nobis
1279 4750 1414 4813 tandem

286 4873 537 4955 praecipuarum
560 4876 675 4939 saltem
699 4874 909 4953 quarundam
941 4874 1092 4953 Europae
1128 4881 1257 4936 nostrae
1282 4870 1415 4934 urbium

286 4991 488 5057 differentiae
512 4991 758 5075 longitndinalls
783 4990 901 5053 babere
925 4991 1167 5055 certitudinem.

353 5111 439 5188 Quid
464 5118 572 5173 tamen
598 5109 729 5172 morcr‘l
754 5106 885 5173 initium
907 5109 1073 5189 Eclipseos
1089 5108 1183 5173 nobis
1199 5098 1416 5190 contigitboc

286 5228 401 5291 salutis
424 5247 512 5292 anuo
537 5227 623 5294 1628
646 5227 830 5293 secundum
854 5244 965 5289 aeram
990 5226 1112 5308 Dionys
1148 5245 1186 5290 ac
1220 5227 1307 5310 stylo
1341 5226 1417 5305 qui-

285 5345 360 5410 dem
379 5344 596 5430 Gregoriano,
620 5347 672 5411 die
694 5347 843 5414 tannarii
868 5344 922 5419 20,
946 5344 1062 5431 burana
1079 5345 1214 5409 meridie
1238 5344 1270 5418 7,
1296 5360 1339 5407 nr.
1363 5340 1418 5407 tu.
