3434 6942
305 1206 348 1268 till
670 1213 841 1271 tomenti
861 1213 885 1269 A
906 1208 1073 1268 fiattono

300 1368 459 1433 presenra
483 1367 547 1415 non
573 1350 618 1415 mi
646 1346 763 1414 stendo
790 1346 823 1409 in
852 1346 936 1410 altro
962 1361 1025 1408 con
1053 1348 1179 1424 questa.
1199 1341 1340 1407 Bacion
1360 1340 1407 1405 V.
1420 1340 1455 1406 S.

303 1467 585 1533 adeltuosamente
609 1466 637 1529 le
661 1464 751 1529 mani
775 1463 910 1527 insieme
934 1478 997 1525 con
1022 1459 1054 1524 la
1075 1461 1209 1543 signore
1227 1457 1453 1547 Principessa

303 1586 378 1658 mia,
403 1584 599 1669 pregandole
620 1583 663 1647 da
686 1583 723 1648 N.
748 1582 778 1647 S.
805 1582 842 1646 D.
866 1579 943 1664 ogni
966 1585 1122 1644 contento
1146 1575 1205 1663 (l).

369 1817 402 1878 tl)
418 1815 492 1865 Circa
504 1814 520 1864 Ι·
528 1827 610 1878 epoca
621 1812 662 1862 del
674 1812 843 1864 ricerlmenlo
853 1811 921 1861 della
933 1816 1065 1874 presente,
1081 1807 1182 1860 Galiteo
1193 1809 1213 1859 sl
1225 1811 1294 1872 parti
1311 1808 1337 1858 di
1357 1808 1454 1860 Roma

295 1902 342 1952 per
356 1890 494 1940 restitulrsi
509 1903 523 1938 a
539 1887 664 1946 Piraeeo,
682 1886 750 1938 nella
766 1886 842 1948 ortale
859 1886 997 1936 occasione
1013 1897 1119 1934 corsero
1134 1883 1176 1933 tra
1193 1881 1217 1934 la
1232 1881 1314 1933 Corte
1329 1881 1454 1934 l’ontlfl·

294 1973 334 2018 cir
349 1982 365 2018 e
381 1968 406 2018 ta
422 1969 540 2018 Tuscana
566 1968 590 2017 le
614 1973 717 2032 quattro
735 1968 829 2017 lettere
854 1968 904 2017 che
930 1963 1064 2016 recbiamo
1080 1967 1107 2014 ln
1124 1964 1277 2027 appendice
1294 1962 1371 2015 della
1390 1976 1453 2028 pre·

296 2049 378 2093 seule.

468 2259 678 2320 arenburen
692 2261 793 2317 Atta
809 2259 984 2316 temnat
1003 2257 1256 2317 subterratam

488 2474 574 2517 abele
590 2474 617 2513 bl
638 2474 744 2513 uuordo
755 2474 804 2513 vttt
821 2475 854 2513 ΑΙ.
870 2475 1013 2516 obtundet
1033 2472 1205 2514 tltltlbtrttltbo
1224 2473 1244 2512 ΙΙ

627 2657 672 2713 Du
691 2656 789 2723 bomo,
807 2660 825 2714 8
846 2656 960 2726 Glugrro
979 2655 1048 2711 1624
1067 2655 1101 2726 (1)

347 2872 455 2929 bileetu
473 2871 515 2927 dli
535 2870 644 2928 nobilis
656 2871 702 2927 vir
714 2869 839 2928 satutem
852 2876 882 2928 el
894 2868 1092 2942 apostolicam
1108 2868 1356 2926 benedictionem.
1379 2871 1451 2928 Tri·

293 2972 432 3029 buturum
451 2973 489 3034 vi,
508 2975 539 3028 el
556 2969 706 3042 legionum
727 2971 837 3027 robore
861 2970 1087 3029 formidolosam
1106 2985 1171 3027 esse
1191 2969 1307 3028 Etrusci
1327 2971 1449 3041 priuci-

294 3074 381 3141 patus
399 3072 563 3143 potentiam
578 3072 661 3129 ltalia
674 3073 792 3144 quidem
808 3074 907 3130 omnis
923 3073 1050 3131 latetur:
1070 3076 1102 3129 at
1118 3073 1197 3128 enim
1217 3072 1449 3131 remotissimae

293 3169 383 3226 etiam
412 3171 547 3227 nationes
575 3171 690 3229 felicem
718 3179 827 3230 vocant
855 3172 1040 3231 nobilitatem
1069 3177 1150 3229 tuam
1179 3172 1219 3229 ob
1246 3171 1447 3232 subditorum

293 3270 419 3344 gloriam
438 3287 474 3328 uc
493 3271 728 3330 Florentiuorum
746 3275 875 3348 ingenia.
900 3274 946 3332 llll
967 3274 1048 3332 euim
1071 3287 1166 3330 novos
1185 3273 1312 3330 mundos
1331 3274 1446 3332 animo

294 3369 451 3441 complexi,
469 3376 498 3427 et
516 3371 620 3428 oceani
639 3386 750 3428 areana
769 3372 982 3444 patefacientes
1000 3377 1160 3443 potueruut
1185 3376 1322 3443 quartam
1343 3377 1447 3432 terra·

294 3487 358 3526 rum
377 3477 492 3543 partem
510 3472 676 3545 relinquere
695 3475 823 3533 nominis
838 3476 884 3532 sui
900 3481 1133 3534 monumentum.
1155 3474 1253 3546 Nuper
1272 3478 1375 3532 aulem
1396 3478 1445 3534 di-

293 3570 385 3630 lectus
405 3573 483 3630 fitius
500 3572 649 3632 Galilaeus
668 3574 824 3632 aethereas
847 3573 952 3646 plagas
977 3575 1128 3647 ingressus
1151 3576 1253 3648 ignota
1277 3576 1378 3634 sidera
1407 3579 1445 3635 it-

292 3672 455 3738 lumiuavil,
473 3679 504 3732 et
520 3674 706 3747 planetarum
720 3671 884 3746 penetralia
901 3673 1029 3732 reclusit.
1048 3675 1157 3744 Quare,
1175 3676 1245 3732 dum
1263 3675 1443 3735 beneficum

292 3773 373 3831 lovis
391 3780 505 3833 astrum
527 3775 650 3833 micabit
678 3774 707 3829 in
736 3773 821 3831 coeto
849 3777 980 3844 quatuor
997 3775 1083 3833 novis
1101 3775 1223 3833 asseclis
1241 3776 1442 3844 comitatum,

245 3872 248 3881 ’
292 3874 429 3932 comitem
448 3875 514 3931 aevi
532 3877 577 3932 eui
595 3874 713 3931 laudem
733 3872 857 3931 Galilaei
877 3875 983 3934 trabet.
1002 3875 1064 3933 bins
1083 3880 1199 3934 tantum
1218 3876 1326 3942 virum,
1345 3879 1442 3950 cujus

290 3973 370 4031 lama
388 3977 418 4031 in
438 3975 522 4032 coeto
541 3975 630 4038 lucet,
653 3982 684 4034 et
704 3979 800 4033 terras
823 3982 975 4048 peragrat,
993 3978 1110 4051 jamdiu
1133 3983 1258 4048 palerna
1281 3977 1438 4036 charitate

289 4074 524 4148 complectimur.
552 4076 695 4134 Novimus
716 4078 843 4134 enimin
864 4093 902 4135 eo
920 4094 981 4135 non
1001 4078 1092 4135 modu
1110 4076 1265 4134 literarum
1283 4077 1436 4149 gloriam,

289 4177 448 4236 sedetiam
466 4177 584 4249 pictatis
601 4178 744 4244 studium,
762 4179 856 4252 iisque
875 4180 992 4239 artibus
1010 4177 1119 4251 pollet,
1141 4177 1251 4248 quibus
1273 4177 1435 4236 Pontificio

289 4274 426 4336 voluutas
443 4277 530 4336 facile
548 4264 724 4337 demeretud.
743 4279 825 4337 Nune
844 4285 953 4345 autem,
974 4296 1042 4337 eum
1062 4279 1146 4336 illum
1165 4279 1194 4333 iu
1215 4278 1317 4333 urbem
1332 4278 1437 4336 Ponti·

288 4377 394 4436 licalus
411 4378 505 4438 nostri
522 4377 683 4453 gratulatio
707 4379 870 4447 reduxerit,
888 4384 1079 4453 peramanter
1097 4379 1195 4449 ipsum
1214 4376 1362 4447 complexi
1383 4394 1435 4435 su-

288 4493 361 4541 mus.
375 4482 464 4552 atque
472 4482 604 4554 jucunde
622 4479 781 4539 identidem
799 4483 969 4540 audirimus
982 4470 1169 4538 Florentiuae
1180 4477 1369 4551 eloquentiae
1382 4480 1432 4538 de·

287 4590 358 4632 eura
380 4578 476 4636 doctis
497 4580 745 4650 disputationibus
769 4588 937 4657 augentem.
966 4582 1050 4637 Nunc
1079 4584 1178 4636 autem
1207 4594 1267 4636 non
1296 4579 1431 4650 patimur

285 4691 353 4732 oum
371 4677 434 4734 siue
452 4680 552 4749 amplo
571 4682 743 4743 Pontificiae
760 4685 916 4744 charitatis
934 4686 1103 4739 commeatu
1123 4681 1152 4738 iu
1172 4682 1299 4752 patriam
1319 4681 1429 4749 redire,

285 4791 346 4847 quo
364 4774 447 4832 illum
468 4778 628 4840 nobilitatis
647 4788 714 4844 tuae
733 4785 931 4844 beneficentia
945 4785 1076 4839 revocet
1095 4782 1293 4855 Exploratum
1305 4786 1350 4840 est
1362 4783 1429 4853 qui·

285 4873 341 4932 bus
359 4874 499 4949 praemiis
517 4878 617 4954 Magni
643 4886 740 4942 buces
766 4886 994 4941 remunerentur
1020 4882 1196 4940 admiranda
1222 4883 1286 4957 ejus
1314 4881 1429 4954 ingenii

284 4980 413 5045 reperto,
431 4975 483 5050 qui
500 4977 623 5038 Medicei
643 4983 772 5039 nominis
791 4980 926 5057 gloriam·
939 4980 1014 5037 inter
1033 4981 1130 5038 sldera
1149 4978 1318 5038 collocavit.
1344 4978 1426 5047 Quin

285 5072 375 5131 immo
393 5093 453 5135 nou
472 5079 560 5152 pauci
580 5079 620 5137 ob
640 5080 668 5136 td
688 5079 836 5146 dictitant,
855 5094 887 5137 se
906 5079 1027 5138 minime
1047 5080 1148 5138 mirari
1168 5084 1230 5136 tum
1249 5080 1372 5137 uberem
1390 5079 1424 5139 ln

358 5254 393 5315 (t)
407 5252 528 5324 sabroni,
545 5261 648 5313 lettere
664 5274 703 5312 cc.
722 5260 779 5314 vot.
796 5261 818 5327 1,
836 5277 851 5313 e
870 5262 990 5324 Venturi,
1007 5262 1066 5315 Par.
1084 5262 1119 5323 ll,
1137 5279 1195 5329 pag.
1212 5269 1251 5316 89.
