<?xml version="1.0" encoding="UTF-8"?>
<!DOCTYPE html PUBLIC "-//W3C//DTD XHTML 1.0 Transitional//EN"
    "http://www.w3.org/TR/xhtml1/DTD/xhtml1-transitional.dtd">
<html xmlns="http://www.w3.org/1999/xhtml" xml:lang="en" lang="en">
 <head>
  <title>
</title>
<meta http-equiv="Content-Type" content="text/html;charset=utf-8" />
  <meta name='ocr-system' content='tesseract 3.04.00' />
  <meta name='ocr-capabilities' content='ocr_page ocr_carea ocr_par ocr_line ocrx_word'/>
</head>
<body>
  <div class='ocr_page' id='page_1' title='image "./leoperedigalile05vivigoog_0289.png"; bbox 0 0 3434 6942; ppageno 0'>
   <div class='ocr_carea' id='block_1_1' title="bbox 287 1248 1056 1316">
    <p class='ocr_par' dir='ltr' id='par_1_1' title="bbox 287 1248 1056 1316">
     <span class='ocr_line' id='line_1_1' title="bbox 287 1248 1056 1316; baseline 0.003 -6"><span class='ocrx_word' id='word_1_1' title='bbox 287 1248 354 1316; x_wconf 76' lang='grc'><strong>276</strong></span> <span class='ocrx_word' id='word_1_2' title='bbox 653 1258 824 1315; x_wconf 66' lang='lat' dir='ltr'><strong>terrene</strong></span> <span class='ocrx_word' id='word_1_3' title='bbox 844 1260 870 1314; x_wconf 81' lang='grc' dir='ltr'><strong>Α</strong></span> <span class='ocrx_word' id='word_1_4' title='bbox 889 1255 1056 1314; x_wconf 61' lang='lat' dir='ltr'><strong>optineo</strong></span> 
     </span>
    </p>
   </div>
   <div class='ocr_carea' id='block_1_2' title="bbox 284 1383 1433 2745">
    <p class='ocr_par' dir='ltr' id='par_1_2' title="bbox 284 1383 1433 2745">
     <span class='ocr_line' id='line_1_2' title="bbox 284 1383 1426 1458; baseline -0.004 -13"><span class='ocrx_word' id='word_1_5' title='bbox 284 1389 396 1447; x_wconf 84' lang='lat' dir='ltr'><strong>tereret</strong></span> <span class='ocrx_word' id='word_1_6' title='bbox 408 1388 570 1446; x_wconf 79' lang='lat' dir='ltr'><strong>intonsumi</strong></span> <span class='ocrx_word' id='word_1_7' title='bbox 584 1388 651 1458; x_wconf 83' lang='lat' dir='ltr'><strong>ipse</strong></span> <span class='ocrx_word' id='word_1_8' title='bbox 666 1390 746 1444; x_wconf 89' lang='lat' dir='ltr'><strong>certe</strong></span> <span class='ocrx_word' id='word_1_9' title='bbox 760 1384 833 1444; x_wconf 85' lang='lat' dir='ltr'><strong>setis</strong></span> <span class='ocrx_word' id='word_1_10' title='bbox 848 1385 950 1442; x_wconf 89' lang='lat' dir='ltr'><strong>doiore</strong></span> <span class='ocrx_word' id='word_1_11' title='bbox 964 1384 1162 1442; x_wconf 81' lang='lat' dir='ltr'><strong>iitterntornm</strong></span> <span class='ocrx_word' id='word_1_12' title='bbox 1176 1383 1272 1441; x_wconf 85' lang='lat' dir='ltr'><strong>vicem</strong></span> <span class='ocrx_word' id='word_1_13' title='bbox 1287 1399 1349 1441; x_wconf 88' lang='lat' dir='ltr'><strong>non</strong></span> <span class='ocrx_word' id='word_1_14' title='bbox 1362 1400 1426 1456; x_wconf 69' lang='lat' dir='ltr'><strong>poe</strong></span> 
     </span>
     <span class='ocr_line' id='line_1_3' title="bbox 284 1482 1427 1561; baseline -0.005 -14"><span class='ocrx_word' id='word_1_15' title='bbox 284 1503 370 1556; x_wconf 90' lang='lat' dir='ltr'><strong>sum,</strong></span> <span class='ocrx_word' id='word_1_16' title='bbox 388 1489 505 1561; x_wconf 79' lang='lat' dir='ltr'><strong>quoties</strong></span> <span class='ocrx_word' id='word_1_17' title='bbox 522 1487 655 1543; x_wconf 79' lang='lat' dir='ltr'><strong>observo</strong></span> <span class='ocrx_word' id='word_1_18' title='bbox 675 1498 800 1558; x_wconf 77' lang='lat' dir='ltr'><strong>magnos</strong></span> <span class='ocrx_word' id='word_1_19' title='bbox 818 1485 900 1542; x_wconf 80' lang='lat' dir='ltr'><strong>viros</strong></span> <span class='ocrx_word' id='word_1_20' title='bbox 919 1483 1086 1557; x_wconf 73' lang='lat' dir='ltr'><strong>ingereris</strong></span> <span class='ocrx_word' id='word_1_21' title='bbox 1107 1482 1279 1558; x_wconf 72' lang='lat' dir='ltr'><strong>hidoemodi</strong></span> <span class='ocrx_word' id='word_1_22' title='bbox 1306 1483 1427 1542; x_wconf 82' lang='lat' dir='ltr'><strong>eiterce·</strong></span> 
     </span>
     <span class='ocr_line' id='line_1_4' title="bbox 285 1584 1428 1657; baseline -0.003 -11"><span class='ocrx_word' id='word_1_23' title='bbox 285 1589 381 1646; x_wconf 86' lang='lat' dir='ltr'><strong>tiones</strong></span> <span class='ocrx_word' id='word_1_24' title='bbox 399 1588 538 1644; x_wconf 77' lang='lat' dir='ltr'><strong>incidere.</strong></span> <span class='ocrx_word' id='word_1_25' title='bbox 557 1585 632 1643; x_wconf 84' lang='lat' dir='ltr'><strong>Nam</strong></span> <span class='ocrx_word' id='word_1_26' title='bbox 647 1584 756 1657; x_wconf 84' lang='lat' dir='ltr'><strong>pusiiin</strong></span> <span class='ocrx_word' id='word_1_27' title='bbox 769 1584 889 1657; x_wconf 85' lang='lat' dir='ltr'><strong>quidem</strong></span> <span class='ocrx_word' id='word_1_28' title='bbox 910 1585 1039 1656; x_wconf 65' lang='lat' dir='ltr'><strong>ingenie,</strong></span> <span class='ocrx_word' id='word_1_29' title='bbox 1055 1596 1133 1656; x_wconf 85' lang='lat' dir='ltr'><strong>queo</strong></span> <span class='ocrx_word' id='word_1_30' title='bbox 1145 1584 1326 1654; x_wconf 73' lang='lat' dir='ltr'><strong>pendentem</strong></span> <span class='ocrx_word' id='word_1_31' title='bbox 1340 1601 1379 1641; x_wconf 81' lang='lat' dir='ltr'><strong>ex</strong></span> <span class='ocrx_word' id='word_1_32' title='bbox 1391 1589 1428 1642; x_wconf 87' lang='lat' dir='ltr'><strong>te·</strong></span> 
     </span>
     <span class='ocr_line' id='line_1_5' title="bbox 285 1681 1429 1758; baseline -0.004 -15"><span class='ocrx_word' id='word_1_33' title='bbox 285 1689 336 1743; x_wconf 91' lang='lat' dir='ltr'><strong>nui</strong></span> <span class='ocrx_word' id='word_1_34' title='bbox 356 1687 407 1743; x_wconf 91' lang='lat' dir='ltr'><strong>iiio</strong></span> <span class='ocrx_word' id='word_1_35' title='bbox 425 1690 638 1743; x_wconf 82' lang='lat' dir='ltr'><strong>consectentur</strong></span> <span class='ocrx_word' id='word_1_36' title='bbox 655 1683 825 1758; x_wconf 77' lang='lat' dir='ltr'><strong>gloriolam,</strong></span> <span class='ocrx_word' id='word_1_37' title='bbox 844 1683 886 1740; x_wconf 81' lang='lat' dir='ltr'><strong>ite</strong></span> <span class='ocrx_word' id='word_1_38' title='bbox 905 1681 1124 1739; x_wconf 76' lang='lat' dir='ltr'><strong>excandescere</strong></span> <span class='ocrx_word' id='word_1_39' title='bbox 1142 1686 1283 1753; x_wconf 77' lang='lat' dir='ltr'><strong>poenum:</strong></span> <span class='ocrx_word' id='word_1_40' title='bbox 1302 1687 1335 1740; x_wconf 86' lang='lat' dir='ltr'><strong>et</strong></span> <span class='ocrx_word' id='word_1_41' title='bbox 1349 1682 1429 1749; x_wconf 82' lang='lat' dir='ltr'><strong>viros</strong></span> 
     </span>
     <span class='ocr_line' id='line_1_6' title="bbox 285 1780 1430 1858; baseline -0.004 -14"><span class='ocrx_word' id='word_1_42' title='bbox 285 1788 360 1844; x_wconf 89' lang='lat' dir='ltr'><strong>ndeo</strong></span> <span class='ocrx_word' id='word_1_43' title='bbox 378 1787 561 1852; x_wconf 70' lang='lat' dir='ltr'><strong>eminentes,</strong></span> <span class='ocrx_word' id='word_1_44' title='bbox 579 1799 655 1858; x_wconf 86' lang='lat' dir='ltr'><strong>qnos</strong></span> <span class='ocrx_word' id='word_1_45' title='bbox 673 1784 809 1842; x_wconf 83' lang='lat' dir='ltr'><strong>eincerne</strong></span> <span class='ocrx_word' id='word_1_46' title='bbox 826 1782 889 1858; x_wconf 80' lang='lat' dir='ltr'><strong>egit</strong></span> <span class='ocrx_word' id='word_1_47' title='bbox 906 1781 1040 1840; x_wconf 80' lang='lat' dir='ltr'><strong>reritntie</strong></span> <span class='ocrx_word' id='word_1_48' title='bbox 1058 1796 1163 1844; x_wconf 85' lang='lat' dir='ltr'><strong>emor.</strong></span> <span class='ocrx_word' id='word_1_49' title='bbox 1182 1780 1290 1838; x_wconf 71' lang='lat' dir='ltr'><strong>iisdem</strong></span> <span class='ocrx_word' id='word_1_50' title='bbox 1315 1783 1430 1839; x_wconf 80' lang='lat' dir='ltr'><strong>moveri</strong></span> 
     </span>
     <span class='ocr_line' id='line_1_7' title="bbox 285 1882 1432 1960; baseline -0.003 -16"><span class='ocrx_word' id='word_1_51' title='bbox 285 1886 461 1952; x_wconf 81' lang='lat' dir='ltr'><strong>nitentibus,</strong></span> <span class='ocrx_word' id='word_1_52' title='bbox 481 1898 663 1960; x_wconf 76' lang='lat' dir='ltr'><strong>magnopere</strong></span> <span class='ocrx_word' id='word_1_53' title='bbox 682 1899 757 1942; x_wconf 82' lang='lat' dir='ltr'><strong>sone</strong></span> <span class='ocrx_word' id='word_1_54' title='bbox 774 1888 820 1942; x_wconf 76' lang='lat' dir='ltr'><strong>ert</strong></span> <span class='ocrx_word' id='word_1_55' title='bbox 837 1883 957 1940; x_wconf 83' lang='lat' dir='ltr'><strong>mirum.</strong></span> <span class='ocrx_word' id='word_1_56' title='bbox 977 1882 1033 1939; x_wconf 85' lang='lat' dir='ltr'><strong>Sed</strong></span> <span class='ocrx_word' id='word_1_57' title='bbox 1054 1884 1131 1940; x_wconf 81' lang='lat' dir='ltr'><strong>hece</strong></span> <span class='ocrx_word' id='word_1_58' title='bbox 1150 1883 1293 1941; x_wconf 77' lang='lat' dir='ltr'><strong>nimime</strong></span> <span class='ocrx_word' id='word_1_59' title='bbox 1315 1883 1432 1942; x_wconf 76' lang='lat' dir='ltr'><strong>videtur</strong></span> 
     </span>
     <span class='ocr_line' id='line_1_8' title="bbox 284 1984 1431 2056; baseline -0.004 -10"><span class='ocrx_word' id='word_1_60' title='bbox 284 2004 350 2048; x_wconf 82' lang='lat' dir='ltr'><strong>esee</strong></span> <span class='ocrx_word' id='word_1_61' title='bbox 368 1988 519 2044; x_wconf 76' lang='lat' dir='ltr'><strong>hnmanae</strong></span> <span class='ocrx_word' id='word_1_62' title='bbox 536 1986 627 2045; x_wconf 82' lang='lat' dir='ltr'><strong>cortis</strong></span> <span class='ocrx_word' id='word_1_63' title='bbox 645 1984 792 2043; x_wconf 88' lang='lat' dir='ltr'><strong>conditio:</strong></span> <span class='ocrx_word' id='word_1_64' title='bbox 811 1985 888 2041; x_wconf 82' lang='lat' dir='ltr'><strong>odeo</strong></span> <span class='ocrx_word' id='word_1_65' title='bbox 907 1998 1011 2042; x_wconf 81' lang='lat' dir='ltr'><strong>sumne</strong></span> <span class='ocrx_word' id='word_1_66' title='bbox 1029 1998 1153 2051; x_wconf 77' lang='lat' dir='ltr'><strong>omnen,</strong></span> <span class='ocrx_word' id='word_1_67' title='bbox 1182 1986 1248 2042; x_wconf 82' lang='lat' dir='ltr'><strong>eive</strong></span> <span class='ocrx_word' id='word_1_68' title='bbox 1274 1986 1431 2056; x_wconf 84' lang='lat' dir='ltr'><strong>corporis,</strong></span> 
     </span>
     <span class='ocr_line' id='line_1_9' title="bbox 285 2084 1431 2159; baseline -0.004 -14"><span class='ocrx_word' id='word_1_69' title='bbox 285 2089 347 2146; x_wconf 82' lang='lat' dir='ltr'><strong>eive</strong></span> <span class='ocrx_word' id='word_1_70' title='bbox 365 2085 476 2159; x_wconf 76' lang='lat' dir='ltr'><strong>ingenii</strong></span> <span class='ocrx_word' id='word_1_71' title='bbox 495 2085 630 2144; x_wconf 83' lang='lat' dir='ltr'><strong>socinum</strong></span> <span class='ocrx_word' id='word_1_72' title='bbox 648 2088 793 2142; x_wconf 79' lang='lat' dir='ltr'><strong>ementes.</strong></span> <span class='ocrx_word' id='word_1_73' title='bbox 812 2084 910 2141; x_wconf 82' lang='lat' dir='ltr'><strong>Noiim</strong></span> <span class='ocrx_word' id='word_1_74' title='bbox 923 2099 1017 2156; x_wconf 92' lang='lat' dir='ltr'><strong>porro</strong></span> <span class='ocrx_word' id='word_1_75' title='bbox 1031 2087 1194 2158; x_wconf 76' lang='lat' dir='ltr'><strong>quiequam</strong></span> <span class='ocrx_word' id='word_1_76' title='bbox 1206 2099 1274 2143; x_wconf 75' lang='lat' dir='ltr'><strong>esee</strong></span> <span class='ocrx_word' id='word_1_77' title='bbox 1289 2086 1431 2156; x_wconf 74' lang='lat' dir='ltr'><strong>importn</strong></span> 
     </span>
     <span class='ocr_line' id='line_1_10' title="bbox 285 2185 1430 2259; baseline -0.003 -14"><span class='ocrx_word' id='word_1_78' title='bbox 285 2204 341 2245; x_wconf 90' lang='lat' dir='ltr'><strong>nus</strong></span> <span class='ocrx_word' id='word_1_79' title='bbox 358 2187 415 2243; x_wconf 86' lang='lat' dir='ltr'><strong>nisi</strong></span> <span class='ocrx_word' id='word_1_80' title='bbox 434 2185 498 2257; x_wconf 87' lang='lat' dir='ltr'><strong>ipse</strong></span> <span class='ocrx_word' id='word_1_81' title='bbox 516 2201 554 2243; x_wconf 90' lang='lat' dir='ltr'><strong>eo</strong></span> <span class='ocrx_word' id='word_1_82' title='bbox 569 2186 770 2257; x_wconf 76' lang='lat' dir='ltr'><strong>propendens,</strong></span> <span class='ocrx_word' id='word_1_83' title='bbox 785 2185 930 2257; x_wconf 80' lang='lat' dir='ltr'><strong>quocirca</strong></span> <span class='ocrx_word' id='word_1_84' title='bbox 947 2200 1043 2257; x_wconf 85' lang='lat' dir='ltr'><strong>nequo</strong></span> <span class='ocrx_word' id='word_1_85' title='bbox 1055 2185 1176 2252; x_wconf 86' lang='lat' dir='ltr'><strong>ediicio,</strong></span> <span class='ocrx_word' id='word_1_86' title='bbox 1189 2186 1270 2257; x_wconf 83' lang='lat' dir='ltr'><strong>qood</strong></span> <span class='ocrx_word' id='word_1_87' title='bbox 1288 2201 1354 2243; x_wconf 86' lang='lat' dir='ltr'><strong>men</strong></span> <span class='ocrx_word' id='word_1_88' title='bbox 1370 2188 1430 2259; x_wconf 84' lang='lat' dir='ltr'><strong>qni·</strong></span> 
     </span>
     <span class='ocr_line' id='line_1_11' title="bbox 284 2284 1429 2369; baseline -0.003 -25"><span class='ocrx_word' id='word_1_89' title='bbox 284 2290 350 2344; x_wconf 91' lang='lat' dir='ltr'><strong>dem</strong></span> <span class='ocrx_word' id='word_1_90' title='bbox 364 2284 510 2369; x_wconf 71' lang='lat' dir='ltr'><strong>sententie</strong></span> <span class='ocrx_word' id='word_1_91' title='bbox 521 2299 701 2357; x_wconf 83' lang='lat' dir='ltr'><strong>promovere</strong></span> <span class='ocrx_word' id='word_1_92' title='bbox 713 2285 908 2342; x_wconf 80' lang='lat' dir='ltr'><strong>concordiem</strong></span> <span class='ocrx_word' id='word_1_93' title='bbox 922 2289 1033 2355; x_wconf 77' lang='lat' dir='ltr'><strong>poscet</strong></span> <span class='ocrx_word' id='word_1_94' title='bbox 1045 2284 1111 2341; x_wconf 77' lang='lat' dir='ltr'><strong>Tibi</strong></span> <span class='ocrx_word' id='word_1_95' title='bbox 1124 2289 1193 2342; x_wconf 83' lang='lat' dir='ltr'><strong>sunt</strong></span> <span class='ocrx_word' id='word_1_96' title='bbox 1205 2284 1319 2342; x_wconf 83' lang='lat' dir='ltr'><strong>cinrins</strong></span> <span class='ocrx_word' id='word_1_97' title='bbox 1331 2285 1429 2342; x_wconf 76' lang='lat' dir='ltr'><strong>omnin</strong></span> 
     </span>
     <span class='ocr_line' id='line_1_12' title="bbox 284 2384 1430 2458; baseline 0.001 -16"><span class='ocrx_word' id='word_1_98' title='bbox 284 2391 452 2458; x_wconf 81' lang='lat' dir='ltr'><strong>perspecin;</strong></span> <span class='ocrx_word' id='word_1_99' title='bbox 472 2387 564 2444; x_wconf 80' lang='lat' dir='ltr'><strong>etiem</strong></span> <span class='ocrx_word' id='word_1_100' title='bbox 583 2400 661 2458; x_wconf 83' lang='lat' dir='ltr'><strong>queo</strong></span> <span class='ocrx_word' id='word_1_101' title='bbox 679 2387 777 2442; x_wconf 83' lang='lat' dir='ltr'><strong>dicere</strong></span> <span class='ocrx_word' id='word_1_102' title='bbox 796 2385 966 2456; x_wconf 77' lang='lat' dir='ltr'><strong>praesenti,</strong></span> <span class='ocrx_word' id='word_1_103' title='bbox 985 2400 1076 2458; x_wconf 85' lang='lat' dir='ltr'><strong>quem</strong></span> <span class='ocrx_word' id='word_1_104' title='bbox 1094 2385 1227 2443; x_wconf 81' lang='lat' dir='ltr'><strong>scribere</strong></span> <span class='ocrx_word' id='word_1_105' title='bbox 1245 2384 1365 2443; x_wconf 75' lang='lat' dir='ltr'><strong>absenti</strong></span> <span class='ocrx_word' id='word_1_106' title='bbox 1391 2392 1430 2443; x_wconf 80' lang='lat' dir='ltr'><strong>to</strong></span> 
     </span>
     <span class='ocr_line' id='line_1_13' title="bbox 285 2485 1432 2559; baseline -0.002 -15"><span class='ocrx_word' id='word_1_107' title='bbox 285 2487 352 2544; x_wconf 83' lang='lat' dir='ltr'><strong>tius.</strong></span> <span class='ocrx_word' id='word_1_108' title='bbox 372 2487 476 2559; x_wconf 81' lang='lat' dir='ltr'><strong>itaquo</strong></span> <span class='ocrx_word' id='word_1_109' title='bbox 495 2485 568 2542; x_wconf 89' lang='lat' dir='ltr'><strong>nihii</strong></span> <span class='ocrx_word' id='word_1_110' title='bbox 584 2485 775 2543; x_wconf 84' lang='lat' dir='ltr'><strong>vehementer</strong></span> <span class='ocrx_word' id='word_1_111' title='bbox 790 2499 808 2541; x_wconf 88' lang='lat' dir='ltr'><strong>e</strong></span> <span class='ocrx_word' id='word_1_112' title='bbox 822 2490 851 2542; x_wconf 90' lang='lat' dir='ltr'><strong>te</strong></span> <span class='ocrx_word' id='word_1_113' title='bbox 865 2489 988 2557; x_wconf 79' lang='lat' dir='ltr'><strong>exopto,</strong></span> <span class='ocrx_word' id='word_1_114' title='bbox 999 2485 1202 2557; x_wconf 76' lang='lat' dir='ltr'><strong>ctiiegitoqne,</strong></span> <span class='ocrx_word' id='word_1_115' title='bbox 1216 2485 1271 2542; x_wconf 86' lang='lat' dir='ltr'><strong>nisi</strong></span> <span class='ocrx_word' id='word_1_116' title='bbox 1286 2490 1320 2542; x_wconf 90' lang='lat' dir='ltr'><strong>ot</strong></span> <span class='ocrx_word' id='word_1_117' title='bbox 1331 2500 1432 2542; x_wconf 78' lang='lat' dir='ltr'><strong>emere</strong></span> 
     </span>
     <span class='ocr_line' id='line_1_14' title="bbox 286 2586 1433 2659; baseline -0.002 -16"><span class='ocrx_word' id='word_1_118' title='bbox 286 2602 333 2643; x_wconf 87' lang='lat' dir='ltr'><strong>me</strong></span> <span class='ocrx_word' id='word_1_119' title='bbox 350 2601 470 2659; x_wconf 74' lang='lat' dir='ltr'><strong>perges,</strong></span> <span class='ocrx_word' id='word_1_120' title='bbox 488 2602 525 2644; x_wconf 80' lang='lat' dir='ltr'><strong>nc</strong></span> <span class='ocrx_word' id='word_1_121' title='bbox 543 2603 612 2643; x_wconf 89' lang='lat' dir='ltr'><strong>eum</strong></span> <span class='ocrx_word' id='word_1_122' title='bbox 632 2586 756 2653; x_wconf 81' lang='lat' dir='ltr'><strong>hebens,</strong></span> <span class='ocrx_word' id='word_1_123' title='bbox 775 2587 827 2659; x_wconf 83' lang='lat' dir='ltr'><strong>qni</strong></span> <span class='ocrx_word' id='word_1_124' title='bbox 846 2587 885 2645; x_wconf 83' lang='lat' dir='ltr'><strong>sit</strong></span> <span class='ocrx_word' id='word_1_125' title='bbox 904 2586 1127 2644; x_wconf 74' lang='lat' dir='ltr'><strong>amentissimus</strong></span> <span class='ocrx_word' id='word_1_126' title='bbox 1150 2591 1181 2642; x_wconf 91' lang='lat' dir='ltr'><strong>et</strong></span> <span class='ocrx_word' id='word_1_127' title='bbox 1207 2586 1433 2645; x_wconf 71' lang='lat' dir='ltr'><strong>observantissi-</strong></span> 
     </span>
     <span class='ocr_line' id='line_1_15' title="bbox 287 2684 525 2745; baseline 0 -1"><span class='ocrx_word' id='word_1_128' title='bbox 287 2702 353 2744; x_wconf 85' lang='lat' dir='ltr'><strong>mus</strong></span> <span class='ocrx_word' id='word_1_129' title='bbox 372 2687 425 2745; x_wconf 88' lang='lat' dir='ltr'><strong>tui.</strong></span> <span class='ocrx_word' id='word_1_130' title='bbox 446 2684 525 2745; x_wconf 83' lang='lat' dir='ltr'><strong>veie.</strong></span> 
     </span>
    </p>
   </div>
   <div class='ocr_carea' id='block_1_3' title="bbox 358 2888 1432 2962">
    <p class='ocr_par' dir='ltr' id='par_1_3' title="bbox 358 2888 1432 2962">
     <span class='ocr_line' id='line_1_16' title="bbox 358 2888 1432 2962; baseline 0.004 -16"><span class='ocrx_word' id='word_1_131' title='bbox 358 2888 408 2946; x_wconf 82' lang='lat' dir='ltr'><strong>ita</strong></span> <span class='ocrx_word' id='word_1_132' title='bbox 426 2889 461 2944; x_wconf 82' lang='lat' dir='ltr'><strong>ni</strong></span> <span class='ocrx_word' id='word_1_133' title='bbox 479 2889 502 2942; x_wconf 79' lang='lat' dir='ltr'><strong>it</strong></span> <span class='ocrx_word' id='word_1_134' title='bbox 522 2889 705 2959; x_wconf 78' lang='lat' dir='ltr'><strong>Cornponetto</strong></span> <span class='ocrx_word' id='word_1_135' title='bbox 722 2905 774 2946; x_wconf 82' lang='lat' dir='ltr'><strong>ero</strong></span> <span class='ocrx_word' id='word_1_136' title='bbox 788 2896 946 2960; x_wconf 74' lang='lat' dir='ltr'><strong>opponeno</strong></span> <span class='ocrx_word' id='word_1_137' title='bbox 961 2891 1124 2955; x_wconf 77' lang='lat' dir='ltr'><strong>mediatore,</strong></span> <span class='ocrx_word' id='word_1_138' title='bbox 1138 2891 1174 2947; x_wconf 81' lang='lat' dir='ltr'><strong>nt</strong></span> <span class='ocrx_word' id='word_1_139' title='bbox 1182 2889 1239 2962; x_wconf 72' lang='lat' dir='ltr'><strong>pro</strong></span> <span class='ocrx_word' id='word_1_140' title='bbox 1248 2906 1340 2949; x_wconf 72' lang='lat' dir='ltr'><strong>coevo</strong></span> <span class='ocrx_word' id='word_1_141' title='bbox 1354 2893 1432 2962; x_wconf 67' lang='lat' dir='ltr'><strong>trion</strong></span> 
     </span>
    </p>
   </div>
   <div class='ocr_carea' id='block_1_4' title="bbox 282 2989 1432 3262">
    <p class='ocr_par' dir='ltr' id='par_1_4' title="bbox 282 2989 1432 3262">
     <span class='ocr_line' id='line_1_17' title="bbox 290 2989 1432 3058; baseline 0.004 -14"><span class='ocrx_word' id='word_1_142' title='bbox 290 2990 465 3045; x_wconf 81' lang='lat' dir='ltr'><strong>mrdtozicne</strong></span> <span class='ocrx_word' id='word_1_143' title='bbox 483 2990 553 3058; x_wconf 88' lang='lat' dir='ltr'><strong>dopo</strong></span> <span class='ocrx_word' id='word_1_144' title='bbox 571 2989 600 3044; x_wconf 89' lang='lat' dir='ltr'><strong>io</strong></span> <span class='ocrx_word' id='word_1_145' title='bbox 617 2991 774 3052; x_wconf 82' lang='lat' dir='ltr'><strong>condoeeo,</strong></span> <span class='ocrx_word' id='word_1_146' title='bbox 794 2992 842 3045; x_wconf 76' lang='lat' dir='ltr'><strong>cire</strong></span> <span class='ocrx_word' id='word_1_147' title='bbox 859 2991 1001 3057; x_wconf 75' lang='lat' dir='ltr'><strong>srnttonto</strong></span> <span class='ocrx_word' id='word_1_148' title='bbox 1018 2993 1191 3055; x_wconf 72' lang='lat' dir='ltr'><strong>interocrino,</strong></span> <span class='ocrx_word' id='word_1_149' title='bbox 1203 2992 1236 3047; x_wconf 78' lang='lat' dir='ltr'><strong>di</strong></span> <span class='ocrx_word' id='word_1_150' title='bbox 1250 2991 1371 3049; x_wconf 82' lang='lat' dir='ltr'><strong>Gotiteo.</strong></span> <span class='ocrx_word' id='word_1_151' title='bbox 1385 2991 1432 3048; x_wconf 69' lang='lat' dir='ltr'><strong>le-</strong></span> 
     </span>
     <span class='ocr_line' id='line_1_18' title="bbox 286 3089 1429 3163; baseline -0.001 -15"><span class='ocrx_word' id='word_1_152' title='bbox 286 3098 333 3148; x_wconf 77' lang='lat' dir='ltr'><strong>cto</strong></span> <span class='ocrx_word' id='word_1_153' title='bbox 352 3091 475 3146; x_wconf 82' lang='lat' dir='ltr'><strong>cottnnto</strong></span> <span class='ocrx_word' id='word_1_154' title='bbox 493 3091 531 3143; x_wconf 87' lang='lat' dir='ltr'><strong>do</strong></span> <span class='ocrx_word' id='word_1_155' title='bbox 546 3091 742 3158; x_wconf 55' lang='lat' dir='ltr'><strong>opprezzoree</strong></span> <span class='ocrx_word' id='word_1_156' title='bbox 760 3090 809 3145; x_wconf 85' lang='lat' dir='ltr'><strong>cte</strong></span> <span class='ocrx_word' id='word_1_157' title='bbox 827 3090 854 3143; x_wconf 88' lang='lat' dir='ltr'><strong>to</strong></span> <span class='ocrx_word' id='word_1_158' title='bbox 874 3089 1025 3158; x_wconf 80' lang='lat' dir='ltr'><strong>Setetrtcr,</strong></span> <span class='ocrx_word' id='word_1_159' title='bbox 1043 3091 1067 3145; x_wconf 81' lang='lat' dir='ltr'><strong>tt</strong></span> <span class='ocrx_word' id='word_1_160' title='bbox 1083 3090 1166 3163; x_wconf 79' lang='lat' dir='ltr'><strong>pecte</strong></span> <span class='ocrx_word' id='word_1_161' title='bbox 1191 3090 1255 3147; x_wconf 81' lang='lat' dir='ltr'><strong>etde</strong></span> <span class='ocrx_word' id='word_1_162' title='bbox 1273 3098 1359 3162; x_wconf 82' lang='lat' dir='ltr'><strong>porte</strong></span> <span class='ocrx_word' id='word_1_163' title='bbox 1386 3092 1429 3147; x_wconf 78' lang='lat' dir='ltr'><strong>net</strong></span> 
     </span>
     <span class='ocr_line' id='line_1_19' title="bbox 282 3190 1429 3262; baseline -0.001 -15"><span class='ocrx_word' id='word_1_164' title='bbox 282 3205 422 3261; x_wconf 78' lang='lat' dir='ltr'><strong>procem,</strong></span> <span class='ocrx_word' id='word_1_165' title='bbox 439 3191 467 3245; x_wconf 79' lang='lat' dir='ltr'><strong>ei</strong></span> <span class='ocrx_word' id='word_1_166' title='bbox 483 3195 620 3244; x_wconf 76' lang='lat' dir='ltr'><strong>erronem</strong></span> <span class='ocrx_word' id='word_1_167' title='bbox 637 3190 675 3244; x_wconf 87' lang='lat' dir='ltr'><strong>dn</strong></span> <span class='ocrx_word' id='word_1_168' title='bbox 690 3191 752 3260; x_wconf 90' lang='lat' dir='ltr'><strong>pot,</strong></span> <span class='ocrx_word' id='word_1_169' title='bbox 770 3204 846 3247; x_wconf 83' lang='lat' dir='ltr'><strong>come</strong></span> <span class='ocrx_word' id='word_1_170' title='bbox 863 3192 895 3246; x_wconf 82' lang='lat' dir='ltr'><strong>di</strong></span> <span class='ocrx_word' id='word_1_171' title='bbox 911 3207 998 3262; x_wconf 83' lang='lat' dir='ltr'><strong>repre</strong></span> <span class='ocrx_word' id='word_1_172' title='bbox 1014 3192 1128 3249; x_wconf 72' lang='lat' dir='ltr'><strong>citime</strong></span> <span class='ocrx_word' id='word_1_173' title='bbox 1145 3193 1234 3258; x_wconf 79' lang='lat' dir='ltr'><strong>detto,</strong></span> <span class='ocrx_word' id='word_1_174' title='bbox 1251 3193 1384 3249; x_wconf 62' lang='lat' dir='ltr'><strong>{metro</strong></span> <span class='ocrx_word' id='word_1_175' title='bbox 1400 3192 1429 3246; x_wconf 72' lang='lat' dir='ltr'><strong>dt</strong></span> 
     </span>
    </p>
   </div>
   <div class='ocr_carea' id='block_1_5' title="bbox 286 3292 1428 3445">
    <p class='ocr_par' dir='ltr' id='par_1_5' title="bbox 286 3292 1428 3445">
     <span class='ocr_line' id='line_1_20' title="bbox 286 3292 1428 3358; baseline 0.002 -13"><span class='ocrx_word' id='word_1_176' title='bbox 286 3305 380 3346; x_wconf 83' lang='lat' dir='ltr'><strong>nnooo</strong></span> <span class='ocrx_word' id='word_1_177' title='bbox 397 3292 430 3343; x_wconf 81' lang='lat' dir='ltr'><strong>in</strong></span> <span class='ocrx_word' id='word_1_178' title='bbox 447 3303 545 3357; x_wconf 84' lang='lat' dir='ltr'><strong>compo</strong></span> <span class='ocrx_word' id='word_1_179' title='bbox 563 3294 661 3344; x_wconf 80' lang='lat' dir='ltr'><strong>contro</strong></span> <span class='ocrx_word' id='word_1_180' title='bbox 679 3305 721 3345; x_wconf 83' lang='lat' dir='ltr'><strong>no</strong></span> <span class='ocrx_word' id='word_1_181' title='bbox 737 3292 914 3356; x_wconf 61' lang='lat' dir='ltr'><strong>connectio,</strong></span> <span class='ocrx_word' id='word_1_182' title='bbox 931 3307 950 3347; x_wconf 85' lang='lat' dir='ltr'><strong>c</strong></span> <span class='ocrx_word' id='word_1_183' title='bbox 964 3294 1012 3349; x_wconf 76' lang='lat' dir='ltr'><strong>cni</strong></span> <span class='ocrx_word' id='word_1_184' title='bbox 1026 3292 1158 3358; x_wconf 73' lang='lat' dir='ltr'><strong>toditem</strong></span> <span class='ocrx_word' id='word_1_185' title='bbox 1170 3292 1287 3349; x_wconf 62' lang='lat' dir='ltr'><strong>centu</strong></span> <span class='ocrx_word' id='word_1_186' title='bbox 1301 3298 1379 3350; x_wconf 74' lang='lat' dir='ltr'><strong>stote</strong></span> <span class='ocrx_word' id='word_1_187' title='bbox 1391 3294 1428 3347; x_wconf 75' lang='lat' dir='ltr'><strong>in·</strong></span> 
     </span>
     <span class='ocr_line' id='line_1_21' title="bbox 288 3390 415 3445; baseline -0.008 0"><span class='ocrx_word' id='word_1_188' title='bbox 288 3390 415 3445; x_wconf 80' lang='lat' dir='ltr'><strong>terdetto.</strong></span> 
     </span>
    </p>
   </div>
   <div class='ocr_carea' id='block_1_6' title="bbox 772 3548 946 3576">
    <p class='ocr_par' dir='ltr' id='par_1_6' title="bbox 772 3548 946 3576">
     <span class='ocr_line' id='line_1_22' title="bbox 772 3548 946 3576; baseline 0.006 -5"><span class='ocrx_word' id='word_1_189' title='bbox 772 3548 946 3576; x_wconf 42' lang='lat' dir='ltr'><strong>-sp—</strong></span> 
     </span>
    </p>
   </div>
   <div class='ocr_carea' id='block_1_7' title="bbox 641 3767 1063 3820">
    <p class='ocr_par' dir='ltr' id='par_1_7' title="bbox 641 3767 1063 3820">
     <span class='ocr_line' id='line_1_23' title="bbox 641 3767 1063 3820; baseline 0.017 -9"><span class='ocrx_word' id='word_1_190' title='bbox 641 3767 700 3812; x_wconf 74' lang='lat' dir='ltr'><strong>riti</strong></span> <span class='ocrx_word' id='word_1_191' title='bbox 720 3767 896 3815; x_wconf 70' lang='lat' dir='ltr'><strong>intendero</strong></span> <span class='ocrx_word' id='word_1_192' title='bbox 914 3769 1063 3820; x_wconf 68' lang='lat' dir='ltr'><strong>uicnnzto</strong></span> 
     </span>
    </p>
   </div>
   <div class='ocr_carea' id='block_1_8' title="bbox 560 3970 1151 4057">
    <p class='ocr_par' dir='ltr' id='par_1_8' title="bbox 560 3970 1151 4057">
     <span class='ocr_line' id='line_1_24' title="bbox 560 3970 1151 4057; baseline 0.008 -25"><span class='ocrx_word' id='word_1_193' title='bbox 560 3970 611 4034; x_wconf 84' lang='lat' dir='ltr'><strong>Do</strong></span> <span class='ocrx_word' id='word_1_194' title='bbox 640 3970 790 4047; x_wconf 71' lang='lat' dir='ltr'><strong>Venerio,</strong></span> <span class='ocrx_word' id='word_1_195' title='bbox 813 3971 834 4038; x_wconf 82' lang='lat'>3</span> <span class='ocrx_word' id='word_1_196' title='bbox 858 3971 971 4051; x_wconf 80' lang='lat' dir='ltr'><strong>Lepiio</strong></span> <span class='ocrx_word' id='word_1_197' title='bbox 996 3974 1083 4039; x_wconf 76' lang='lat'><strong>1632</strong></span> <span class='ocrx_word' id='word_1_198' title='bbox 1106 3971 1151 4057; x_wconf 80' lang='lat' dir='ltr'><strong>(ii</strong></span> 
     </span>
    </p>
   </div>
   <div class='ocr_carea' id='block_1_9' title="bbox 760 4178 962 4249">
    <p class='ocr_par' dir='ltr' id='par_1_9' title="bbox 760 4178 962 4249">
     <span class='ocr_line' id='line_1_25' title="bbox 760 4178 962 4249; baseline 0 -15"><span class='ocrx_word' id='word_1_199' title='bbox 760 4178 769 4249; x_wconf 91' lang='lat'>(</span> <span class='ocrx_word' id='word_1_200' title='bbox 779 4180 803 4234; x_wconf 84' lang='lat' dir='ltr'><strong>ii</strong></span> <span class='ocrx_word' id='word_1_201' title='bbox 823 4178 944 4234; x_wconf 81' lang='lat' dir='ltr'><strong>Firenze</strong></span> <span class='ocrx_word' id='word_1_202' title='bbox 955 4180 962 4248; x_wconf 79' lang='lat' dir='ltr'><strong>i</strong></span> 
     </span>
    </p>
   </div>
   <div class='ocr_carea' id='block_1_10' title="bbox 361 4386 1358 4532">
    <p class='ocr_par' dir='ltr' id='par_1_10' title="bbox 361 4386 1358 4532">
     <span class='ocr_line' id='line_1_26' title="bbox 368 4386 1358 4452; baseline 0.01 -21"><span class='ocrx_word' id='word_1_203' title='bbox 368 4386 476 4432; x_wconf 77' lang='lat' dir='ltr'><strong>Dircom</strong></span> <span class='ocrx_word' id='word_1_204' title='bbox 491 4402 536 4432; x_wconf 89' lang='lat' dir='ltr'><strong>oon</strong></span> <span class='ocrx_word' id='word_1_205' title='bbox 553 4386 722 4435; x_wconf 71' lang='lat' dir='ltr'><strong>ammiratione</strong></span> <span class='ocrx_word' id='word_1_206' title='bbox 738 4388 779 4437; x_wconf 84' lang='lat' dir='ltr'><strong>dei</strong></span> <span class='ocrx_word' id='word_1_207' title='bbox 796 4389 900 4452; x_wconf 76' lang='lat' dir='ltr'><strong>Dialogo</strong></span> <span class='ocrx_word' id='word_1_208' title='bbox 914 4390 956 4438; x_wconf 77' lang='lat' dir='ltr'><strong>det</strong></span> <span class='ocrx_word' id='word_1_209' title='bbox 971 4389 1077 4438; x_wconf 65' lang='lat' dir='ltr'><strong>maini</strong></span> <span class='ocrx_word' id='word_1_210' title='bbox 1092 4391 1200 4450; x_wconf 59' lang='lat' dir='ltr'><strong>Sisaioi,</strong></span> <span class='ocrx_word' id='word_1_211' title='bbox 1213 4411 1228 4440; x_wconf 87' lang='lat' dir='ltr'><strong>e</strong></span> <span class='ocrx_word' id='word_1_212' title='bbox 1244 4394 1271 4441; x_wconf 91' lang='lat' dir='ltr'><strong>io</strong></span> <span class='ocrx_word' id='word_1_213' title='bbox 1281 4394 1358 4441; x_wconf 67' lang='lat' dir='ltr'><strong>incito</strong></span> 
     </span>
     <span class='ocr_line' id='line_1_27' title="bbox 361 4461 1351 4532; baseline 0.013 -27"><span class='ocrx_word' id='word_1_214' title='bbox 361 4475 407 4505; x_wconf 77' lang='lat' dir='ltr'><strong>mn</strong></span> <span class='ocrx_word' id='word_1_215' title='bbox 424 4470 485 4507; x_wconf 84' lang='lat' dir='ltr'><strong>tutte</strong></span> <span class='ocrx_word' id='word_1_216' title='bbox 503 4462 525 4508; x_wconf 86' lang='lat' dir='ltr'><strong>ie</strong></span> <span class='ocrx_word' id='word_1_217' title='bbox 542 4461 605 4508; x_wconf 75' lang='lat' dir='ltr'><strong>soree</strong></span> <span class='ocrx_word' id='word_1_218' title='bbox 621 4477 634 4507; x_wconf 78' lang='lat' dir='ltr'>a</span> <span class='ocrx_word' id='word_1_219' title='bbox 651 4464 759 4525; x_wconf 83' lang='lat' dir='ltr'><strong>compier</strong></span> <span class='ocrx_word' id='word_1_220' title='bbox 780 4466 814 4530; x_wconf 68' lang='lat' dir='ltr'><strong>gli</strong></span> <span class='ocrx_word' id='word_1_221' title='bbox 838 4468 898 4515; x_wconf 80' lang='lat' dir='ltr'><strong>nitri</strong></span> <span class='ocrx_word' id='word_1_222' title='bbox 919 4467 1034 4532; x_wconf 68' lang='lat' dir='ltr'><strong>maregni</strong></span> <span class='ocrx_word' id='word_1_223' title='bbox 1056 4469 1122 4519; x_wconf 73' lang='lat' dir='ltr'><strong>delio</strong></span> <span class='ocrx_word' id='word_1_224' title='bbox 1144 4469 1226 4519; x_wconf 71' lang='lat' dir='ltr'><strong>tinore</strong></span> <span class='ocrx_word' id='word_1_225' title='bbox 1246 4472 1351 4521; x_wconf 66' lang='lat' dir='ltr'><strong>&amp;iem</strong></span> 
     </span>
    </p>
   </div>
   <div class='ocr_carea' id='block_1_11' title="bbox 290 4623 1431 5072">
    <p class='ocr_par' dir='ltr' id='par_1_11' title="bbox 290 4623 1431 5072">
     <span class='ocr_line' id='line_1_28' title="bbox 382 4623 1428 4725; baseline 0.016 -39"><span class='ocrx_word' id='word_1_226' title='bbox 382 4623 474 4704; x_wconf 80' lang='lat' dir='ltr'><strong>[topo</strong></span> <span class='ocrx_word' id='word_1_227' title='bbox 498 4626 527 4688; x_wconf 82' lang='lat' dir='ltr'><strong>in</strong></span> <span class='ocrx_word' id='word_1_228' title='bbox 552 4629 699 4696; x_wconf 87' lang='lat' dir='ltr'><strong>ricevntn</strong></span> <span class='ocrx_word' id='word_1_229' title='bbox 726 4634 808 4697; x_wconf 91' lang='lat' dir='ltr'><strong>detie</strong></span> <span class='ocrx_word' id='word_1_230' title='bbox 831 4637 1018 4717; x_wconf 79' lang='lat' dir='ltr'><strong>gratissime</strong></span> <span class='ocrx_word' id='word_1_231' title='bbox 1042 4636 1154 4702; x_wconf 81' lang='lat' dir='ltr'><strong>lettere</strong></span> <span class='ocrx_word' id='word_1_232' title='bbox 1178 4639 1211 4704; x_wconf 94' lang='lat' dir='ltr'><strong>di</strong></span> <span class='ocrx_word' id='word_1_233' title='bbox 1232 4639 1271 4725; x_wconf 69' lang='lat' dir='ltr'><strong>Y.</strong></span> <span class='ocrx_word' id='word_1_234' title='bbox 1289 4641 1321 4707; x_wconf 86' lang='lat' dir='ltr'><strong>S.</strong></span> <span class='ocrx_word' id='word_1_235' title='bbox 1342 4642 1388 4705; x_wconf 83' lang='lat' dir='ltr'><strong>di.</strong></span> <span class='ocrx_word' id='word_1_236' title='bbox 1405 4641 1428 4704; x_wconf 94' lang='lat' dir='ltr'><strong>i.</strong></span> 
     </span>
     <span class='ocr_line' id='line_1_29' title="bbox 291 4741 1429 4841; baseline 0.013 -36"><span class='ocrx_word' id='word_1_237' title='bbox 291 4741 332 4805; x_wconf 93' lang='lat' dir='ltr'><strong>ed</strong></span> <span class='ocrx_word' id='word_1_238' title='bbox 366 4741 455 4818; x_wconf 75' lang='lat' dir='ltr'><strong>Eoo..</strong></span> <span class='ocrx_word' id='word_1_239' title='bbox 479 4761 544 4809; x_wconf 92' lang='lat' dir='ltr'><strong>non</strong></span> <span class='ocrx_word' id='word_1_240' title='bbox 569 4748 612 4810; x_wconf 86' lang='lat' dir='ltr'><strong>mi</strong></span> <span class='ocrx_word' id='word_1_241' title='bbox 637 4766 718 4815; x_wconf 85' lang='lat' dir='ltr'><strong>sono</strong></span> <span class='ocrx_word' id='word_1_242' title='bbox 746 4758 885 4823; x_wconf 82' lang='lat' dir='ltr'><strong>troveto</strong></span> <span class='ocrx_word' id='word_1_243' title='bbox 909 4753 1279 4822; x_wconf 78' lang='lat' dir='ltr'><strong>coit&#39;iiceeiieotieeirno</strong></span> <span class='ocrx_word' id='word_1_244' title='bbox 1315 4758 1429 4841; x_wconf 78' lang='lat' dir='ltr'><strong>eigoor</strong></span> 
     </span>
     <span class='ocr_line' id='line_1_30' title="bbox 290 4859 1431 4960; baseline 0.017 -37"><span class='ocrx_word' id='word_1_245' title='bbox 290 4859 503 4927; x_wconf 81' lang='lat' dir='ltr'><strong>Procuratore</strong></span> <span class='ocrx_word' id='word_1_246' title='bbox 520 4864 639 4930; x_wconf 80' lang='lat' dir='ltr'><strong>Venter</strong></span> <span class='ocrx_word' id='word_1_247' title='bbox 663 4887 719 4949; x_wconf 92' lang='lat' dir='ltr'><strong>per</strong></span> <span class='ocrx_word' id='word_1_248' title='bbox 744 4875 860 4933; x_wconf 84' lang='lat' dir='ltr'><strong>trettnr</strong></span> <span class='ocrx_word' id='word_1_249' title='bbox 883 4873 933 4934; x_wconf 90' lang='lat' dir='ltr'><strong>dei</strong></span> <span class='ocrx_word' id='word_1_250' title='bbox 954 4874 1083 4939; x_wconf 84' lang='lat' dir='ltr'><strong>ritretto</strong></span> <span class='ocrx_word' id='word_1_251' title='bbox 1102 4871 1158 4960; x_wconf 79' lang='lat'><strong>(2).</strong></span> <span class='ocrx_word' id='word_1_252' title='bbox 1175 4876 1198 4939; x_wconf 92' lang='grc' dir='ltr'><strong>ΙΙ</strong></span> <span class='ocrx_word' id='word_1_253' title='bbox 1219 4876 1304 4941; x_wconf 84' lang='lat' dir='ltr'><strong>iibro</strong></span> <span class='ocrx_word' id='word_1_254' title='bbox 1333 4894 1431 4942; x_wconf 88' lang='lat' dir='ltr'><strong>men·</strong></span> 
     </span>
     <span class='ocr_line' id='line_1_31' title="bbox 291 4979 1431 5072; baseline 0.015 -31"><span class='ocrx_word' id='word_1_255' title='bbox 291 4979 414 5045; x_wconf 85' lang='lat' dir='ltr'><strong>dntomi</strong></span> <span class='ocrx_word' id='word_1_256' title='bbox 438 4982 479 5046; x_wconf 84' lang='lat' dir='ltr'><strong>dn</strong></span> <span class='ocrx_word' id='word_1_257' title='bbox 504 4982 542 5045; x_wconf 87' lang='lat' dir='ltr'><strong>V.</strong></span> <span class='ocrx_word' id='word_1_258' title='bbox 561 4983 602 5058; x_wconf 91' lang='lat' dir='ltr'><strong>S.,</strong></span> <span class='ocrx_word' id='word_1_259' title='bbox 623 4985 708 5066; x_wconf 92' lang='lat' dir='ltr'><strong>dopo</strong></span> <span class='ocrx_word' id='word_1_260' title='bbox 724 5004 835 5051; x_wconf 85' lang='lat' dir='ltr'><strong>ecorso</strong></span> <span class='ocrx_word' id='word_1_261' title='bbox 858 5006 984 5072; x_wconf 83' lang='lat' dir='ltr'><strong>eppcnn</strong></span> <span class='ocrx_word' id='word_1_262' title='bbox 1009 5011 1027 5056; x_wconf 89' lang='lat' dir='ltr'><strong>e</strong></span> <span class='ocrx_word' id='word_1_263' title='bbox 1051 4993 1211 5066; x_wconf 74' lang='lat' dir='ltr'><strong>divoreto</strong></span> <span class='ocrx_word' id='word_1_264' title='bbox 1237 4995 1282 5058; x_wconf 90' lang='lat' dir='ltr'><strong>mi</strong></span> <span class='ocrx_word' id='word_1_265' title='bbox 1316 4994 1351 5060; x_wconf 88' lang='lat' dir='ltr'><strong>in</strong></span> <span class='ocrx_word' id='word_1_266' title='bbox 1385 4997 1431 5058; x_wconf 87' lang='lat' dir='ltr'><strong>ie-</strong></span> 
     </span>
    </p>
   </div>
   <div class='ocr_carea' id='block_1_12' title="bbox 361 5237 1435 5382">
    <p class='ocr_par' dir='ltr' id='par_1_12' title="bbox 361 5237 1435 5382">
     <span class='ocr_line' id='line_1_32' title="bbox 362 5237 1136 5306; baseline 0.01 -22"><span class='ocrx_word' id='word_1_267' title='bbox 362 5239 398 5296; x_wconf 81' lang='lat' dir='ltr'><strong>(ti</strong></span> <span class='ocrx_word' id='word_1_268' title='bbox 412 5237 563 5289; x_wconf 83' lang='lat' dir='ltr'><strong>lnedite.-</strong></span> <span class='ocrx_word' id='word_1_269' title='bbox 574 5238 648 5290; x_wconf 80' lang='lat' dir='ltr'><strong>MSS.</strong></span> <span class='ocrx_word' id='word_1_270' title='bbox 665 5239 732 5302; x_wconf 72' lang='lat' dir='ltr'><strong>Gai..</strong></span> <span class='ocrx_word' id='word_1_271' title='bbox 749 5241 807 5292; x_wconf 78' lang='lat' dir='ltr'><strong>Per.</strong></span> <span class='ocrx_word' id='word_1_272' title='bbox 824 5241 869 5300; x_wconf 86' lang='lat' dir='ltr'><strong>Vi,</strong></span> <span class='ocrx_word' id='word_1_273' title='bbox 887 5243 919 5292; x_wconf 83' lang='lat' dir='ltr'><strong>T.</strong></span> <span class='ocrx_word' id='word_1_274' title='bbox 937 5245 976 5298; x_wconf 84' lang='lat' dir='ltr'><strong>ti.</strong></span> <span class='ocrx_word' id='word_1_275' title='bbox 992 5242 1136 5306; x_wconf 76' lang='lat' dir='ltr'><strong>cotogreir.</strong></span> 
     </span>
     <span class='ocr_line' id='line_1_33' title="bbox 361 5311 1435 5382; baseline 0.011 -24"><span class='ocrx_word' id='word_1_276' title='bbox 361 5314 393 5372; x_wconf 71' lang='lat' dir='ltr'><strong>(r)</strong></span> <span class='ocrx_word' id='word_1_277' title='bbox 410 5311 510 5363; x_wconf 80' lang='lat' dir='ltr'><strong>tieiiieo</strong></span> <span class='ocrx_word' id='word_1_278' title='bbox 526 5313 673 5365; x_wconf 71' lang='lat' dir='ltr'><strong>desiderem</strong></span> <span class='ocrx_word' id='word_1_279' title='bbox 690 5315 707 5364; x_wconf 95' lang='lat' dir='ltr'><strong>ii</strong></span> <span class='ocrx_word' id='word_1_280' title='bbox 725 5317 827 5366; x_wconf 82' lang='lat' dir='ltr'><strong>ritrctto</strong></span> <span class='ocrx_word' id='word_1_281' title='bbox 844 5317 869 5366; x_wconf 86' lang='lat' dir='ltr'><strong>di</strong></span> <span class='ocrx_word' id='word_1_282' title='bbox 885 5316 946 5381; x_wconf 86' lang='lat' dir='ltr'><strong>quei</strong></span> <span class='ocrx_word' id='word_1_283' title='bbox 964 5330 1014 5367; x_wconf 78' lang='lat' dir='ltr'><strong>sno</strong></span> <span class='ocrx_word' id='word_1_284' title='bbox 1035 5319 1123 5368; x_wconf 71' lang='lat' dir='ltr'><strong>antico</strong></span> <span class='ocrx_word' id='word_1_285' title='bbox 1140 5317 1274 5382; x_wconf 77' lang='lat' dir='ltr'><strong>dircepoto</strong></span> <span class='ocrx_word' id='word_1_286' title='bbox 1289 5319 1323 5370; x_wconf 80' lang='lat' dir='ltr'><strong>ed</strong></span> <span class='ocrx_word' id='word_1_287' title='bbox 1337 5319 1435 5370; x_wconf 78' lang='lat' dir='ltr'><strong>emico.</strong></span> 
     </span>
    </p>
   </div>
   <div class='ocr_carea' id='block_1_13' title="bbox 0 0 1732 6932">
    <p class='ocr_par' dir='ltr' id='par_1_13' title="bbox 0 0 1732 6932">
     <span class='ocr_line' id='line_1_34' title="bbox 0 0 1732 6932; baseline 0 0"><span class='ocrx_word' id='word_1_288' title='bbox 0 0 1732 6932; x_wconf 95' lang='lat' dir='ltr'><strong> </strong></span> 
     </span>
    </p>
   </div>
  </div>
 </body>
</html>
