3434 6942
751 1263 853 1325 ΑΝΝΟ
874 1266 942 1324 1633
1344 1252 1409 1318 385

286 1405 371 1469 deiie
394 1403 506 1486 grezin
531 1403 643 1477 iibere,
666 1420 722 1484 per
746 1404 935 1468 discendere
959 1418 978 1464 n
1003 1406 1112 1484 potere
1135 1418 1233 1465 erere
1257 1419 1312 1483 per
1329 1419 1410 1467 oon-

286 1523 352 1587 flne
371 1521 402 1584 ie
427 1519 523 1594 viiie,
543 1537 577 1584 so
601 1537 666 1585 non
686 1528 777 1600 poter
802 1520 914 1584 venire
931 1518 996 1581 niie
1013 1514 1107 1593 eiiii,
1123 1535 1187 1582 non
1204 1519 1318 1591 riesee,
1335 1536 1411 1600 per·

287 1636 358 1715 ohe,
381 1637 523 1702 recondo
540 1637 601 1700 obe
623 1636 717 1701 interi
742 1633 798 1718 piir
818 1643 928 1718 tempo
951 1635 993 1712 ie,
1015 1636 1135 1700 Nostro
1151 1634 1288 1717 signore
1305 1651 1410 1698 evera

287 1756 378 1820 delio
395 1771 460 1818 non
480 1771 517 1818 so
539 1754 601 1816 ohe
623 1753 656 1817 di
680 1753 830 1826 Centone3
854 1753 876 1815 ii
899 1753 977 1834 quei
1001 1754 1101 1835 iuogo
1131 1769 1197 1816 non
1222 1752 1267 1814 mi
1291 1768 1414 1833 perena

288 1879 395 1957 punio
416 1889 436 1936 e
459 1871 624 1954 proposito
657 1887 715 1952 per
736 1872 768 1934 io
791 1867 900 1935 saniei
922 1870 955 1933 di
980 1869 1016 1933 V.
1036 1870 1079 1946 S.,
1103 1866 1219 1952 perche
1253 1870 1335 1934 oiire
1363 1871 1414 1931 ni-

288 1991 422 2056 I'evere
437 2007 464 2054 e
486 1996 573 2056 stare
606 2007 627 2054 e
649 1990 848 2055 discretione
873 1990 905 2052 di
935 1989 1033 2067 ireii,
1066 2008 1124 2071 per
1149 1984 1310 2053 recensiti
1348 2005 1413 2051 non

290 2111 432 2177 errebbe
453 2110 520 2174 mai
537 2115 653 2191 potnio
675 2109 827 2190 menginr
844 2124 955 2173 cerne.
971 2109 995 2172 ΙΙ
1016 2108 1155 2174 Londini
1173 2127 1238 2173 non
1255 2108 1416 2172 nanneto

291 2231 377 2294 eiiro
397 2228 512 2293 ordine
540 2223 601 2313 (1),
623 2245 642 2290 e
670 2228 726 2309 qni
757 2228 779 2291 ii
805 2227 930 2291 vioerio
951 2227 1037 2291 deiin
1065 2227 1282 2308 inquisizione
1302 2228 1348 2291 mi
1374 2229 1416 2291 ha

289 2346 346 2432 piri
369 2350 458 2412 roilo
472 2348 571 2423 delio,
587 2348 648 2411 ohe
665 2346 697 2410 di
714 2348 818 2411 Romo
833 2365 900 2410 non
913 2346 954 2411 he
970 2346 1084 2410 ordine
1102 2346 1222 2412 oionno
1238 2346 1269 2408 di
1294 2346 1417 2428 proibi·
1538 2357 1546 2366 ·

292 2465 385 2529 zione
408 2462 459 2527 dei
483 2463 576 2537 libro.
601 2479 656 2528 me
680 2462 699 2526 Ι·
713 2467 839 2544 espeiia
863 2465 955 2527 bene.
974 2463 1076 2527 Posso
1095 2463 1156 2526 ben
1186 2463 1256 2525 dire
1279 2479 1299 2525 n
1323 2462 1361 2525 V.
1384 2463 1415 2527 S.

291 2583 354 2646 one
377 2581 399 2644 ii
422 2581 538 2663 signor·
557 2577 835 2661 PrincipeGioen
858 2575 957 2647 Corio
979 2582 1109 2647 avendo
1131 2579 1256 2644 chiesio
1280 2597 1346 2646 nna
1377 2581 1418 2643 ii-

291 2714 393 2763 eenze
411 2699 562 2779 genereie
577 2698 609 2761 ni
627 2698 711 2772 iibri.
728 2697 748 2762 Ι·
761 2697 803 2760 iia
820 2704 981 2772 otiennir,
995 2705 1221 2763 eooeiinnione
1238 2700 1291 2762 nei
1310 2698 1416 2779 primo

292 2819 392 2900 inogo
404 2817 427 2879 ii
438 2817 595 2882 enoiibrn
611 2836 631 2880 e
649 2817 671 2879 ii
689 2815 909 2891 merchirnan,
926 2835 945 2880 e
960 2834 1006 2880 nn
1024 2819 1070 2881 ini
1087 2819 1223 2883 Mnrneo
1237 2816 1299 2902 (2);
1312 2815 1339 2882 si
1356 2818 1417 2880 ohe

292 2936 319 3001 oi
343 2936 424 3000 rode
446 2936 507 3000 ohe
531 2936 549 2998 Ι·
564 2935 749 2999 intenzione
768 2935 818 2998 de'
831 2936 991 3016 superiori
1014 2933 1033 3000 ὁ
1055 2936 1117 3000 cire
1139 2938 1188 3000 sie
1212 2937 1362 3018 proibiio.
1383 2937 1418 2999 io

292 3052 340 3118 ini
364 3053 505 3117 inviinio
522 3069 586 3117 oon
609 3052 812 3122 nionni,eiiri
829 3052 1041 3127 malemeiioi,
1056 3053 1189 3134 qnando
1204 3053 1229 3116 si
1249 3048 1419 3135 pnobiioo.

294 3171 452 3234 eoeniire
476 3171 506 3233 in
531 3176 684 3234 senienze
707 3170 738 3232 di
764 3170 801 3232 V.
829 3169 870 3239 S..
897 3170 958 3234 ohe
988 3169 1023 3234 in
1045 3173 1310 3254 semgiioemenie
1342 3169 1418 3233 lene

296 3303 395 3353 senza
429 3287 586 3370 aggionio
619 3285 649 3350 d'
668 3287 742 3350 nitri
766 3287 923 3368 proceni,
951 3283 979 3350 ni
1001 3288 1062 3351 ohe
1085 3288 1107 3351 ii
1132 3288 1214 3351 iibro
1237 3305 1294 3368 per
1316 3287 1418 3350 oliorn

295 3421 361 3468 non
386 3399 472 3467 renio
495 3403 641 3484 proibiio.
664 3401 760 3469 Delia
784 3402 851 3464 min
874 3401 994 3465 soreiia
1017 3400 1090 3466 m'e
1113 3411 1199 3468 sinin
1223 3406 1337 3468 scritto
1361 3400 1416 3484 piri

295 3521 395 3593 veile,
417 3537 436 3582 e
457 3517 705 3582 consermeiomi
728 3516 779 3580 oh'
793 3516 855 3581 eiin
880 3533 944 3582 non
969 3535 1074 3582 avevn
1091 3521 1250 3602 sonpiinto
1268 3529 1371 3603 punto
1386 3521 1417 3582 di

294 3636 504 3720 repuiozione
527 3636 601 3700 neii’
616 3635 782 3700 universal
807 3643 967 3712 concello,
991 3639 1063 3701 nnzi
1084 3638 1124 3702 ni
1143 3640 1248 3703 anche
1264 3658 1418 3721 appresso

294 3755 327 3819 di
343 3754 441 3837 queiii
457 3755 518 3818 oire
532 3755 557 3818 e'
570 3770 721 3818 avevano
736 3762 838 3818 evulo
856 3761 1024 3820 ninovere
1042 3757 1128 3821 neila
1144 3756 1419 3839 congregazione,

295 3873 428 3938 nimeno
449 3874 483 3937 di
508 3889 575 3938 nna
607 3889 689 3954 gran
718 3880 815 3953 narie·
846 3891 881 3936 se
916 3891 981 3937 non
1005 3875 1038 3937 di
1063 3875 1148 3939 initi.
1171 3875 1245 3951 Quo
1270 3876 1301 3939 ia
1328 3877 1420 3939 sotii·

295 4008 394 4056 mnne
418 4000 566 4074 presente
588 3989 653 4056 oie
675 3996 761 4055 siolo
783 3991 924 4071 qnaiche
953 4010 1035 4073 pooo
1057 3993 1089 4056 rii
1116 3994 1211 4067 maie,
1235 4012 1252 4057 e
1276 3996 1419 4077 pertico·
1502 4032 1504 4035 -

298 4110 457 4175 iermenie
488 4111 519 4173 ie
548 4114 653 4174 morie
676 4109 728 4171 dei
758 4107 871 4190 nignor
894 4109 1039 4173 Lorenzo
1062 4109 1189 4185 (lembi,
1222 4111 1282 4173 ohe
1304 4113 1353 4176 sia
1387 4112 1419 4173 in

297 4226 404 4304 Ciein,
423 4227 466 4290 ire
490 4227 567 4293 delo
589 4228 650 4291 ohe
674 4227 753 4300 dire,
776 4225 914 4289 essendo
944 4245 1043 4293 nomo
1066 4230 1100 4294 di
1119 4246 1200 4310 gran
1225 4229 1422 4311 rigunrdoe

294 4344 356 4409 ohe
372 4361 438 4408 non
454 4360 660 4409 conversare
674 4343 768 4425 quoni
789 4359 851 4405 oon
870 4343 983 4407 niuno.
1003 4345 1049 4409 La
1064 4344 1213 4427 maggior
1229 4345 1419 4425 pariedeiin

296 4457 377 4524 eiiii
401 4476 466 4525 non
490 4460 588 4524 vuoie
609 4461 671 4525 obe
695 4460 743 4523 sia
773 4464 859 4523 niele
882 4467 980 4541 peste,
1005 4461 1144 4546 mahen
1169 4467 1329 4541 postemo3
1353 4468 1420 4523 ini·

297 4577 390 4644 invia
424 4595 482 4659 per
515 4577 729 4642 ebbonoanze
759 4577 792 4641 di
821 4576 953 4641 onuieie
975 4577 1003 4640 oi
1026 4575 1045 4641 i
1067 4577 1149 4642 intio
1170 4584 1268 4643 conto
1289 4577 1350 4641 nire
1372 4578 1420 4640 sia

296 4701 393 4760 sinte.
416 4696 454 4762 ci
476 4713 559 4762 sono
580 4698 657 4760 sinti
679 4697 798 4760 inoiire
822 4695 886 4759 dne
910 4694 998 4770 irati,
1035 4712 1103 4760 nno
1127 4696 1176 4761 dei
1200 4696 1364 4770 Carmine,
1398 4697 1420 4759 ii

294 4812 393 4892 quale
411 4813 497 4902 disse
519 4814 552 4876 di
575 4828 656 4876 aver
674 4818 777 4876 avuto
800 4813 823 4875 ii
847 4811 933 4875 maie
956 4829 1013 4894 por
1035 4827 1124 4876 esser
1148 4814 1270 4877 andoin
1285 4814 1315 4876 ai
1331 4813 1419 4878 Con·

370 5016 407 5078 (1)
421 5014 488 5067 Vno!
506 5015 562 5064 dire
578 5015 628 5065 eho
646 5015 672 5062 io
688 5018 845 5076 sirmpniore
862 5014 903 5065 dei
920 5015 1044 5084 Dialogiri
1055 5030 1108 5066 non
1124 5031 1202 5068 overe
1226 5029 1321 5066 encore
1345 5019 1422 5065 avuto

297 5090 588 5216 :Ltngiffrriglciipifflm
605 5088 777 5156 eliresqneiin
794 5089 834 5137 dei
853 5093 924 5147 im,
940 5093 991 5140 che
1008 5091 1173 5155 gi'intimnn
1189 5092 1213 5141 di
1230 5089 1423 5153 respondetote

369 5241 403 5300 (i)
417 5238 532 5290 Fiioroio
548 5240 685 5297 troncoso,
703 5238 728 5287 ie
744 5241 788 5288 rni
803 5252 883 5302 opere
908 5252 988 5289 erano
1010 5242 1050 5303 gii
1073 5246 1139 5291 sirie
1163 5241 1271 5303 proibiie
1296 5243 1322 5290 in
1345 5243 1426 5305 prima

296 5314 379 5365 clauo
395 5312 462 5363 dolie
478 5312 690 5377 congregazione
706 5311 867 5362 deil'Indiee
883 5313 937 5363 iino
954 5312 995 5361 «ini
1014 5315 1083 5362 inii.

386 5401 509 5460 Grnrnno
527 5404 644 5462 Gnnrnrr
662 5435 696 5488 '','
714 5405 746 5460 Τ.
765 5405 817 5462 ix.
1270 5407 1305 5461 49
