3434 6942
763 1259 865 1317 ANNO
887 1259 956 1315 tert
1380 1247 1424 1314 93

289 1392 344 1466 tio,
366 1389 527 1471 siquidem
553 1388 613 1452 has
635 1405 750 1453 omnes
774 1407 836 1471 ego
857 1390 1046 1464 observavi,
1071 1390 1345 1473 consignaturque
1365 1392 1426 1456 iiu-

288 1508 357 1570 beo.
382 1508 431 1572 Tu
454 1508 480 1572 si
505 1506 648 1581 eusdem.
673 1512 731 1570 eut
754 1507 836 1572 stirs
859 1507 943 1572 torte
967 1508 1159 1572 observatas
1176 1510 1424 1575 eommuninere

290 1643 354 1688 non
379 1625 583 1707 provehere,
607 1639 762 1704 reponam
786 1642 869 1705 ego,
894 1624 1016 1705 tibique
1041 1626 1165 1707 gratias
1188 1625 1314 1690 habebo
1344 1644 1423 1692 sane

289 1761 390 1824 quom
416 1743 587 1825 piurimas.

376 1862 469 1945 Rogo
491 1866 521 1924 te
543 1877 643 1941 quem
668 1861 815 1924 maximo
839 1878 971 1943 possum
1000 1862 1103 1926 enimi
1138 1870 1268 1938 oonetu,
1296 1872 1332 1929 ut
1354 1867 1423 1930 sei-

291 1989 358 2044 tem
373 1979 454 2043 veiis
469 1979 715 2042 eommunioere
731 1996 811 2042 eum
824 1976 1047 2043 Wiiiehrordo
1062 1979 1194 2057 Suettio,
1204 1982 1300 2065 eujus
1313 1983 1423 2068 ignote

212 2168 217 2174 ,
290 2100 344 2164 tibi
369 2116 435 2162 non
459 2103 507 2162 est
530 2098 564 2161 in
589 2095 791 2163 restituenda
813 2097 1011 2181 geographie
1045 2100 1220 2184 sagacitas,
1242 2107 1276 2164 et
1297 2102 1423 2167 soiiioi·

290 2219 371 2281 tudo
395 2213 451 2301 (1).
468 2215 712 2297 Perscripturus
723 2231 802 2278 sum
819 2215 862 2279 ed
881 2214 974 2279 ilium
989 2213 1100 2299 (quod
1121 2214 1247 2302 voluit)
1264 2219 1422 2298 proximis

287 2335 339 2399 ivis
362 2333 479 2397 diebus
501 2350 566 2396 non
591 2349 709 2413 panea,
732 2334 944 2414 qnaehebeo
967 2332 1066 2415 huius
1089 2333 1230 2416 generis,
1253 2313 1330 2398 une*
1344 2354 1420 2402 oum

288 2461 407 2517 exarte
431 2452 594 2532 aquensis,
609 2453 813 2534 genevensis.
830 2452 1058 2534 lugdunensis,
1077 2451 1283 2533 aliorumque
1299 2454 1421 2536 pedum

209 2620 212 2627 .
290 2569 505 2652 longitudine.
518 2568 635 2638 Certus
649 2588 728 2635 vero
741 2570 978 2652 propemodum
991 2586 1077 2646 sum,
1088 2575 1125 2634 ut
1137 2586 1214 2635 eum
1224 2570 1324 2635 etiam
1334 2572 1424 2653 pedis

290 2688 454 2753 florentini
468 2689 660 2754 desiderarit
681 2687 954 2769 magnitudinem,
970 2689 1196 2772 imploraverit
1212 2690 1425 2767 industrium,

289 2814 322 2872 et
340 2809 577 2874 inmanitatem
595 2817 706 2884 tunm:
723 2827 781 2874 seu
798 2807 992 2886 terentesn
1006 2827 1070 2873 non
1089 2809 1214 2887 iecerit,
1230 2827 1295 2874 non
1310 2812 1426 2894 poeni·

289 2927 368 2990 tebit
385 2943 438 2990 me
452 2927 560 3011 egisse
571 2927 659 3009 opud
674 2935 704 2991 te
723 2927 812 2991 iitius
826 2933 1014 3009 patronum.
1026 2927 1074 2992 itu
1087 2928 1164 2992 nori
1178 2930 1355 3008 utrumque
1368 2946 1428 2992 ve·

288 3053 394 3110 strum
417 3047 582 3111 bonarum
606 3046 728 3110 artium
747 3046 1050 3129 promovendorum
1067 3063 1226 3127 perquem
1242 3046 1427 3112 studiosum

287 3166 438 3230 existere.
459 3165 556 3233 Certe
578 3166 606 3230 si
631 3167 663 3229 in
689 3166 805 3250 reguis
821 3166 929 3248 lignee
945 3171 1005 3230 eut
1026 3166 1091 3229 niis
1115 3167 1241 3230 ratione
1258 3164 1427 3231 transmit·

290 3291 358 3348 tere
381 3284 525 3366 Leydnm
549 3285 722 3367 adipsum
745 3284 893 3368 digneris
915 3283 1117 3350 delineatum
1141 3283 1268 3366 pedem,
1291 3287 1423 3366 quatem

290 3398 379 3481 apud
403 3417 462 3464 vos
484 3402 646 3466 reservari
670 3401 815 3482 pontice,
837 3408 870 3466 et
893 3402 1038 3474 interest,
1062 3408 1094 3466 et
1118 3402 1256 3468 dubium
1282 3408 1425 3477 nonest,

289 3519 475 3583 cautionem
500 3537 552 3584 me
576 3520 628 3592 io,
653 3529 683 3585 te
706 3520 739 3584 in
760 3520 893 3585 homine
911 3537 976 3583 uon
994 3521 1124 3601 ingrato
1138 3520 1338 3586 benefloium
1354 3521 1425 3585 roi-

288 3637 445 3702 ieturum.
468 3639 541 3723 Ego
557 3639 636 3721 quiri
661 3638 714 3703 hio
737 3638 890 3703 udiieirm
915 3645 1045 3720 praeter
1081 3639 1316 3704 verecundiam
1341 3639 1424 3703 nihii

290 3755 403 3829 habeo.
427 3775 630 3839 quemquam
654 3759 755 3821 etiem
778 3759 936 3823 erubeseo
960 3758 1112 3822 ruborem
1138 3775 1249 3823 meum
1273 3758 1420 3839 profiteri

289 3876 378 3956 apud
401 3876 567 3940 homiuem
591 3877 880 3950 candidissimum
896 3885 931 3941 tu
947 3877 1107 3959 quidquid
1125 3855 1161 3940 td'
1173 3884 1232 3951 est.
1250 3878 1324 3941 boni
1342 3895 1423 3943 oon-

290 3993 375 4066 suie;
394 4010 490 4076 egem
516 3994 549 4057 in
574 4001 739 4076 posterum
763 3994 811 4058 uti
836 3995 936 4058 votes.
960 3995 1086 4059 interea
1110 4012 1174 4070 me,
1198 4012 1263 4076 quo
1287 4002 1417 4058 nonest

292 4112 338 4175 tui
361 4112 608 4190 observantior,
634 4113 690 4176 Vir
712 4113 858 4194 optime,
887 4130 980 4188 ama,
1004 4119 1036 4176 et
1059 4112 1099 4177 de
1122 4113 1273 4197 ingenuis
1297 4113 1421 4178 artibus

292 4230 410 4295 mereri
436 4249 604 4314 uunquam
629 4232 749 4297 desine.

359 4458 396 4518 (t)
411 4457 553 4510 Wiiisbrod
570 4461 660 4521 Sneii,
678 4462 846 4513 mrtemutieo
862 4461 1002 4522 oisonem,
1020 4463 1047 4513 iu
1064 4462 1083 4511 ii
1100 4461 1184 4524 primo
1204 4458 1255 4510 che
1276 4465 1425 4510 veramente

285 4534 372 4595 seoprl
387 4532 412 4582 Ιι
430 4532 506 4598 iegge
521 4535 588 4586 dolie
605 4536 766 4596 reirrzione,
783 4538 824 4600 gii
847 4538 998 4601 investigate
1022 4540 1054 4589 dr
1078 4536 1210 4599 Keptero,
1235 4535 1347 4586 sebbene
1371 4549 1424 4584 non

284 4602 483 4658 t'rnnnnrirrss
498 4608 541 4658 nei
558 4612 659 4672 preciso
674 4625 690 4660 e
705 4612 796 4662 obiero
811 4611 961 4675 lingnuggio
977 4612 1192 4675 trigonometrieo
1208 4614 1283 4662 nuto
1294 4610 1325 4660 dr
1337 4607 1426 4661 Certe·

285 4681 332 4741 sio,
350 4680 366 4729 it
380 4682 473 4746 queis,
492 4697 570 4734 senze
586 4688 625 4735 ter
642 4687 780 4736 menzione
797 4684 838 4736 dei
855 4698 905 4735 sno
921 4685 1120 4746 predecessore,
1139 4683 1260 4748 pubbiioo
1276 4696 1350 4734 rome
1367 4698 1426 4747 pro·

286 4755 340 4816 prin
357 4756 444 4819 quetis
461 4764 589 4822 sooperir.
