3434 6942
286 1181 349 1248 128
645 1178 817 1247 isarnus
837 1191 862 1246 s
882 1189 1049 1247 ostreno

283 1347 335 1394 res
356 1347 398 1393 ex
423 1328 501 1411 ipsis
530 1326 693 1409 potiores,
716 1325 937 1407 certioresque
969 1326 1049 1391 sint.
1065 1322 1076 1409 (
1093 1331 1296 1405 pnsuemam
1321 1324 1414 1387 eninr

284 1448 366 1515 illud
389 1447 540 1521 circiter,
562 1451 749 1529 suspectam
776 1453 809 1510 et
837 1447 997 1510 inoertsur
1023 1445 1351 1524 iaeit‚qusn1qnsm
1382 1445 1415 1505 in

285 1571 354 1651 ipsa
377 1582 507 1650 quoqne
526 1583 591 1630 non
609 1571 660 1630 est
677 1564 868 1648 paraiangis
888 1565 1001 1628 multis
1024 1563 1211 1629 aberratum
1231 1560 1243 1647 )
1268 1561 1331 1626 hoe
1349 1562 1417 1625 ssl-

285 1696 351 1751 tem
373 1685 532 1750 hammus
549 1684 620 1765 jam
644 1681 838 1747 Parisiensis
852 1688 886 1746 et
902 1682 1066 1764 Aquensis
1089 1678 1175 1764 (qni
1200 1679 1290 1744 idem
1314 1697 1415 1760 prope

285 1809 334 1868 est
354 1820 430 1868 eum
455 1800 650 1868 Massiliensi
675 1799 824 1865 nonnihil
854 1795 1129 1882 occidentaliori)
1152 1797 1414 1862 meridianarum

284 1921 501 1989 differentiam
526 1937 597 1984 esse
624 1936 673 2002 gr.
700 1918 721 1986 3
750 1924 781 1997 ᾗ,
809 1932 888 1983 eum
920 1915 1103 1982 differentia
1139 1916 1339 1997 temporaria
1374 1915 1417 1979 sit

287 2059 330 2104 m.
355 2039 407 2105 ts.
428 2039 550 2105 Mirum
572 2043 662 2101 serto
685 2036 789 2101 videri
812 2040 934 2117 potest,
955 2036 1044 2115 qood
1067 2033 1192 2115 priores
1222 2033 1301 2098 illae
1328 2032 1416 2097 duae

284 2155 528 2220 observationes
551 2153 594 2219 ud
616 2153 781 2218 minutum
805 2150 1025 2216 consentiant.
1055 2150 1098 2216 Et
1127 2157 1317 2215 nostrarum
1341 2152 1418 2232 qui·

285 2275 359 2339 dem
381 2273 561 2340 earundem
584 2269 854 2338 observationum
877 2268 1012 2334 eollstio
1039 2286 1117 2334 oum
1145 2267 1284 2353 Origani
1307 2270 1417 2351 Epire·

143 2442 146 2446 -
286 2393 410 2459 meride
431 2393 558 2459 inducit
580 2392 748 2474 quandam
771 2394 860 2457 oiroa
884 2392 1094 2457 durationem
1128 2391 1295 2473 ilelipseos
1323 2390 1418 2454 dilie-

287 2510 448 2575 rentiam:
472 2510 566 2574 nobis
587 2511 709 2592 quippe
723 2517 792 2576 tota
807 2511 976 2593 Eelipseos
995 2509 1018 2574 5
1036 2510 1172 2575 minutis
1193 2510 1320 2575 exstitit
1336 2529 1419 2574 ooo·

286 2628 431 2700 traotlon
450 2629 559 2695 totalis
579 2646 659 2693 vero
676 2628 866 2694 obscuratio
880 2628 903 2693 5
919 2646 963 2694 m.
980 2629 1182 2711 produotior,
1196 2646 1297 2710 qnam
1323 2647 1421 2711 prse-

285 2746 609 2830 soribatsuppntsta
637 2765 680 2812 ex
706 2747 863 2830 'lyohone
887 2746 1083 2829 ephemeris.
1109 2747 1205 2812 Adde
1226 2754 1260 2812 et
1283 2748 1421 2813 alteruis

287 2866 504 2935 differentiam
529 2873 872 2947 temporaneam‘esse
895 2866 939 2934 33
961 2871 995 2932 et
1017 2866 1062 2934 38
1085 2867 1165 2930 min.

376 2984 499 3051 Verum
520 2992 554 3049 et
576 2985 639 3048 hue
661 2985 771 3065 ipsum
795 3001 893 3049 sosse
915 2985 998 3050 lora
1033 3002 1152 3066 operae
1181 2986 1347 3067 pretium,
1377 3003 1419 3049 sn

287 3103 401 3166 eadem
417 3100 584 3182 Eollpseos
601 3108 777 3173 momenta,
790 3110 877 3183 quae
894 3103 1190 3184 praescriptarum
1203 3106 1236 3167 io
1252 3104 1421 3187 ephemeri

288 3216 507 3294 Frsnooinrtl,
531 3217 654 3284 luerint
676 3217 871 3292 observatas
888 3227 931 3285 et.
945 3221 1006 3285 hou
1029 3223 1135 3302 posito
1156 3222 1424 3304 explorandum,

289 3354 331 3401 an
350 3338 531 3418 perumbra
543 3337 612 3411 illa,
622 3345 656 3402 et
666 3338 763 3419 qnasi
777 3339 941 3406 nubecula
956 3312 1154 3422 praecedens
1169 3346 1204 3405 el
1218 3341 1424 3422 subsequens

290 3455 323 3517 in
336 3452 481 3535 Eulipsin
497 3454 606 3518 veniat
621 3457 860 3537 computanda:
875 3457 1091 3537 quantumvis
1106 3457 1198 3521 illam
1211 3457 1424 3540 teieseopinrn

241 3602 248 3616 ·
290 3591 309 3634 a
328 3572 469 3654 perlecta
494 3572 575 3637 disci
601 3572 724 3638 lunaris
741 3575 961 3639 illustratione
976 3576 1184 3640 submoveat.
1201 3580 1245 3640 st
1262 3595 1340 3640 eoos
1353 3576 1425 3659 jam

290 3706 389 3773 prope
411 3692 536 3756 excedo
559 3693 820 3776 magnitudinem
853 3693 1011 3774 epistolae
1040 3693 1167 3774 justam
1201 3693 1271 3778 (ita
1296 3702 1426 3776 praeter

288 3811 560 3892 exportationem,
584 3811 837 3890 institutumque
855 3813 1044 3893 expatiatus
1060 3829 1134 3876 sum
1150 3809 1173 3896 l,
1190 3819 1224 3875 et
1241 3828 1369 3884 vereor,
1388 3829 1427 3874 ue

258 3986 264 3991 .
290 3928 425 3994 illustris
447 3936 580 3993 seoator
602 3929 733 3993 causari
756 3929 858 4010 possit
882 3929 968 3994 hano
992 3929 1232 4012 prolixitatem.
1252 3947 1330 3994 enm
1350 3929 1425 4012 lans

290 4046 479 4128 praesertim
504 4048 604 4111 semel
629 4048 775 4121 miserit,
799 4047 853 4112 oui
880 4049 960 4113 isaeo
995 4050 1174 4131 perscripta
1197 4049 1424 4113 crederentur.

290 4165 381 4229 Alias
404 4165 521 4247 igitur,
543 4169 576 4228 el
599 4164 692 4245 plura
717 4164 757 4228 de
782 4164 846 4241 his,
870 4172 903 4229 et
925 4165 966 4228 de
985 4165 1103 4229 studiis
1127 4165 1210 4230 meis
1233 4166 1426 4247 interruptis

292 4283 443 4367 (utinam
468 4300 546 4348 vero
568 4290 681 4366 optato
697 4286 764 4348 otio
784 4284 863 4349 milii
880 4286 945 4350 lrni
963 4286 1096 4350 tandem
1113 4282 1339 4370 concedetur)
1357 4302 1429 4349 ser·

291 4420 421 4469 monem
439 4403 619 4488 longiorem
636 4402 817 4467 instituam.
834 4402 916 4467 Vale
932 4403 1069 4477 interea,
1085 4403 1137 4466 vir
1151 4403 1286 4483 optime,
1303 4419 1428 4484 proque

289 4523 432 4587 candore
455 4523 613 4606 ingenito,
637 4521 791 4587 devotum
816 4525 913 4605 plane
937 4523 994 4586 tibi
1020 4523 1130 4586 virum
1154 4538 1240 4585 aura.
1276 4521 1309 4586 Si
1347 4522 1427 4586 milri

291 4640 460 4721 quidpiam
483 4640 660 4704 rescribere
677 4640 823 4705 fortassis
841 4638 997 4710 volneris,
1015 4639 1139 4703 litteras
1155 4639 1221 4702 illis
1238 4641 1428 4702 committas

293 4760 377 4831 licet,
400 4776 459 4839 per
481 4774 564 4839 quos
587 4760 704 4825 nobilis
727 4765 862 4825 senmor
877 4764 1062 4822 euraturus
1084 4764 1144 4832 est,
1169 4765 1205 4823 ut
1228 4759 1270 4822 ad
1297 4765 1329 4821 te
1345 4759 1428 4822 istae

293 4881 495 4960 perveniant.
519 4879 640 4944 iterum
667 4880 751 4944 sale.

773 5131 953 5165 a*-
