3434 6942
292 1260 335 1324 90
653 1265 824 1324 turturis
845 1269 871 1324 Α
889 1265 1057 1326 GALlLEO

292 1406 440 1485 datisque
469 1400 749 1466 divinissimarum
776 1400 988 1465 scientiarum
1015 1397 1171 1465 studiosis
1200 1397 1393 1481 iujuriam,
1413 1399 1440 1464 si

292 1529 419 1589 tantum
439 1538 520 1604 opus
540 1520 768 1603 suppresseris.
784 1518 879 1585 Certe
898 1520 960 1583 nisi
978 1517 1140 1583 obstiterit
1157 1517 1354 1602 legitimum
1375 1519 1441 1583 im·

292 1638 525 1720 pedimeutum,
540 1643 673 1702 oratum
689 1645 730 1710 te,
747 1644 845 1719 atque
860 1636 988 1701 utinam
1005 1640 1178 1703 exoratum
1194 1653 1271 1701 esse
1287 1635 1441 1711 noveris,

292 1765 410 1823 utrem
429 1758 512 1822 adeo
532 1755 751 1821 desideratam
771 1754 864 1820 bonis
888 1753 1031 1836 amplius
1054 1771 1120 1818 non
1144 1752 1312 1819 inrideas.
1338 1753 1440 1832 Quod

291 1879 317 1941 si
337 1878 391 1941 vel
406 1883 497 1940 certo
516 1874 740 1951 consilio-tuo,
760 1874 812 1939 vel
832 1872 908 1938 latis
928 1873 973 1937 ita
993 1871 1181 1949 terentibus,
1199 1872 1249 1938 sic
1269 1879 1305 1937 te
1324 1856 1440 1938 conti·

292 1999 368 2059 ne're
386 1994 515 2070 debeas,
531 2000 567 2060 ut
583 1993 772 2074 nequidem
789 1993 889 2057 etiam
906 2007 984 2055 cum
997 1991 1113 2055 amieis
1126 1990 1321 2056 institutum
1337 1996 1438 2057 tuum

290 2134 347 2197 per
363 2116 486 2181 litteras
505 2114 704 2189 comunioes,
727 2113 811 2177 absit
841 2129 862 2175 a
891 2128 953 2186 nse,
982 2118 1019 2177 ut
1045 2128 1185 2192 sperem,
1216 2111 1437 2192 postulemus

290 2233 442 2299 conscius
458 2232 544 2296 illius
563 2207 647 2295 lieri.
664 2228 717 2295 Sic
740 2246 793 2292 me
817 2233 929 2292 tamen
953 2227 1068 2303 habeo,
1091 2244 1129 2291 ac
1153 2227 1187 2290 in
1211 2229 1323 2310 gradu
1351 2228 1437 2294 adeo

292 2349 448 2415 eminenti
465 2347 729 2413 benevolentiam
746 2354 836 2411 tuam
855 2344 1048 2420 collocent
1066 2345 1094 2411 si
1115 2345 1164 2409 vel
1182 2350 1294 2421 vacet,
1311 2347 1372 2412 vel
1396 2347 1438 2411 li·

290 2473 371 2540 ceat,
387 2465 555 2547 quidpiam
573 2465 618 2528 sis
633 2462 712 2527 mibi
729 2459 988 2542 significaturus,
1006 2460 1062 2524 ubi
1080 2478 1132 2525 me
1146 2459 1361 2526 inardescere
1374 2461 1436 2527 hos

291 2584 452 2650 desiderio
468 2583 628 2648 rescieris.
958 2637 960 2640 .

378 2703 500 2785 Perlegi
520 2709 647 2784 praeter
661 2701 821 2769 Nuntium
842 2706 948 2770 tuum,
965 2705 1030 2762 tres
1047 2697 1119 2763 illas
1143 2698 1184 2763 de
1206 2697 1359 2767 uacuus
1374 2698 1435 2767 So-

292 2823 329 2887 lis
351 2823 396 2886 ad
414 2822 598 2887 Welserum
621 2821 787 2903 epistolas,
809 2837 893 2900 quas
917 2817 1075 2900 prolecto,
1097 2832 1199 2899 quam
1221 2818 1291 2883 siut
1308 2817 1434 2902 dignae

290 2942 455 3014 acumine,
469 2939 639 3021 etjudicio
656 2947 724 3014 tuo,
745 2953 809 3001 uon
828 2937 979 3017 estquod
998 2937 1110 3001 mullis
1128 2936 1303 3019 explicem.
1328 2934 1433 3003 Sufl·

291 3061 357 3122 ciat
374 3057 577 3123 subscribere
597 3073 650 3120 me
665 3040 907 3120 ratiocinationi
924 3064 1000 3121 tuae
1019 3055 1109 3118 circa
1124 3053 1339 3120 Maeuianam
1358 3074 1433 3122 ma·

293 3173 419 3248 teriam,
436 3172 591 3256 genesim,
607 3172 762 3256 figuram,
779 3172 898 3244 locum,
921 3178 1058 3248 molum,
1073 3171 1337 3254 dissipationem,
1356 3177 1431 3239 etsi

291 3309 376 3373 quae
391 3293 457 3357 alia
472 3291 672 3373 eiuscemodi
690 3293 873 3357 accidentia
893 3292 1102 3357 Macularum
1118 3299 1207 3357 sunt.
1227 3290 1335 3357 Doleo
1351 3308 1434 3359 vero

292 3428 309 3473 e
329 3414 439 3474 nostra
454 3408 573 3486 Gallia,
591 3416 623 3475 el
642 3412 791 3494 specialis
808 3413 909 3475 etiam
928 3426 1020 3474 meae
1036 3409 1245 3492 professionis
1267 3410 1432 3496 deinceps

292 3527 458 3610 prodiisse,
473 3530 530 3610 qui
549 3530 632 3594 odeo
651 3530 822 3595 infeliciter
841 3529 881 3592 de
898 3529 1013 3594 iisdem
1037 3530 1081 3592 sit
1105 3528 1330 3594 ratiocinatus.
1356 3531 1432 3599 tlon

293 3644 420 3722 haereo,
435 3647 512 3729 quin
531 3648 630 3729 ipsius
650 3649 732 3713 liber
749 3647 791 3709 ad
808 3653 839 3709 te
855 3664 960 3728 usque
976 3646 1181 3727 perseneriu
1202 3664 1264 3729 ego
1286 3646 1431 3730 dignum

293 3765 442 3829 ulteriore
459 3765 654 3831 uolutatione
667 3783 836 3857 nunquam
844 3765 1007 3848 judicavi,
1019 3783 1131 3846 quam,
1145 3783 1231 3848 quae
1243 3770 1431 3847 praemissa

293 3880 324 3942 in
343 3881 406 3944 luis
425 3881 486 3946 illis
502 3882 714 3946 continentur
728 3882 883 3964 epistolis.
896 3883 1055 3960 Proleclo,
1067 3901 1144 3948 cum
1157 3883 1213 3947 illa
1227 3891 1283 3947 tua
1297 3885 1339 3949 de
1352 3887 1431 3951 Ma·

290 4001 374 4065 culis
391 4000 594 4084 philosophia
615 4008 730 4066 testem
750 4008 796 4067 tol
815 4005 1034 4069 accidentium
1062 4002 1198 4088 (quibus
1222 4002 1324 4084 probe
1344 4005 1430 4069 sati·

282 4093 414 4184 xefacere
430 4120 495 4184 alia
517 4123 643 4185 ratione
659 4138 725 4185 uon
743 4119 832 4208 licet)
847 4123 1085 4204 experientiam
1103 4123 1235 4198 babeat;
1258 4121 1341 4203 quid
1367 4143 1430 4207 po·

290 4239 354 4303 tius
369 4238 418 4302 illi
436 4239 643 4321 planetarum
663 4241 870 4320 perpetuitati
889 4241 985 4305 obiici
1010 4240 1120 4323 possit,
1143 4257 1244 4322 quam
1266 4238 1360 4320 quod
1385 4257 1427 4307 ne

288 4358 356 4440 ipse
371 4360 504 4440 quidem
521 4365 638 4424 auctor
653 4358 828 4424 observare
846 4362 987 4442 poluerit
1004 4361 1057 4424 vel
1074 4361 1174 4425 unius
1189 4359 1332 4424 reditum
1349 4357 1425 4446 (qui

289 4484 457 4544 menstrua
473 4485 583 4543 tamen
608 4476 738 4541 circiter
760 4481 966 4545 revolutione
990 4479 1060 4542 deri
1084 4474 1237 4562 debebat)
1261 4495 1304 4542 ex
1329 4486 1426 4544 lanta

289 4591 520 4657 multitudine?
541 4592 694 4660 Ceterum
719 4597 853 4673 librom,
877 4596 934 4677 qui
958 4613 977 4658 a
1002 4603 1032 4659 te
1057 4597 1096 4661 de
1119 4596 1255 4661 cometis
1277 4596 1427 4680 scriptus

288 4708 485 4790 perhibetur,
505 4713 651 4779 noudum
670 4724 718 4779 est
734 4716 850 4779 datum
866 4714 1071 4795 conspicere;
1091 4724 1124 4779 al
1140 4734 1206 4796 quo
1223 4714 1341 4779 ardore
1363 4716 1425 4780 ri-

286 4828 364 4892 dere
375 4834 551 4909 peroptem,
563 4830 652 4898 dictu
667 4834 746 4897 mihi
759 4831 855 4896 lacile
870 4848 935 4895 uon
947 4841 1006 4897 esi.
1018 4833 1102 4900 Cum
1115 4833 1316 4915 susceperim
1329 4834 1425 4900 enim

285 4941 527 5008 defendendum
549 4953 694 5011 cometas
714 4963 785 5011 esse
808 4965 947 5029 corpora
970 4957 1137 5033 perpetua,
1159 4948 1322 5032 ejusmodi
1347 4949 1427 5031 opi·

287 5061 375 5125 uioui
394 5062 600 5142 pbeuomena
615 5062 728 5126 omnia
742 5074 946 5131 cometarum
962 5069 1095 5150 speciali
1112 5069 1267 5148 quadarn,
1286 5084 1325 5130 ac
1342 5085 1425 5150 pro·

285 5177 355 5259 pria
373 5181 498 5246 ratione
513 5179 736 5257 accomodem,
748 5181 927 5263 conjector,
939 5187 1107 5251 solertiam
1125 5193 1218 5251 luam
1231 5201 1325 5267 posse
1337 5185 1424 5250 mibi

284 5295 326 5359 nd
351 5296 412 5362 hoc
435 5299 578 5380 plurima
601 5315 775 5384 suggerere
799 5309 1017 5385 argumenla;
1041 5303 1257 5385 nequeenim
1282 5302 1425 5382 dubito,
