3434 6942
763 1233 865 1290 ANNO
889 1233 957 1290 111311
1371 1227 1433 1292 167

295 1368 511 1434 sodisiazione
541 1366 602 1429 che
631 1365 768 1428 dovevo.
792 1364 860 1430 Ora
883 1367 1049 1432 ridouomi
1081 1369 1115 1432 in
1139 1370 1245 1434 Roma
1268 1389 1325 1452 per
1352 1388 1426 1453 pas-

295 1504 447 1553 sarmeoe
470 1486 500 1549 ai
525 1484 592 1548 iido
615 1485 744 1549 marino
777 1484 924 1562 d'Aoao‚
953 1504 1010 1570 per
1036 1490 1250 1570 procurare!
1274 1492 1429 1574 possibiie

295 1608 330 1670 in
353 1605 452 1687 queii'
464 1622 540 1668 aere
564 1601 621 1684 piri
643 1620 745 1670 soave
764 1603 795 1667 di
820 1604 991 1681 riavermi,
1009 1607 1054 1670 mi
1071 1607 1193 1690 giogne
1209 1610 1283 1692 oggi
1301 1612 1431 1692 proprio

295 1724 414 1789 i'eiira
436 1722 609 1789 rarissima
633 1721 666 1785 di
689 1720 728 1786 V.
746 1721 789 1797 S..
812 1723 897 1787 onde
920 1741 1006 1807 pago
1030 1724 1168 1792 insieme
1192 1726 1293 1792 i’uno
1315 1727 1431 1792 ei'ai·

296 1851 347 1907 tro
368 1843 487 1918 debito,
509 1842 571 1906 ohe
597 1841 629 1905 ia
651 1836 769 1914 sanita,
792 1841 879 1924 dopo
909 1843 1011 1907 moilo
1040 1846 1251 1909 abaiiimenio
1270 1847 1302 1910 di
1321 1849 1428 1928 questi

296 1960 405 2042 giomi
424 1962 583 2042 alquanto
607 1961 805 2045 migiioraia,
828 1979 882 2026 me
906 1961 938 2025 io
962 1968 1130 2044 permotio.

386 2079 543 2146 Confesso
565 2079 626 2144 ohe
648 2098 756 2144 avevo
775 2080 996 2162 grandissimo
1014 2081 1151 2164 bisogno
1167 2083 1428 2165 deii'aiIegrezaa

294 2198 356 2264 ohe
380 2193 572 2280 m'apporto
594 2199 627 2261 ia
651 2197 814 2280 primarii
846 2197 884 2261 V.
905 2198 936 2264 S.
959 2216 1022 2263 con
1051 2199 1158 2264 avvisi
1192 2207 1286 2265 taoio
1309 2202 1351 2265 da
1375 2221 1427 2267 me

294 2316 491 2388 desiderati.
513 2335 531 2380 e
555 2316 654 2382 saioii
680 2321 771 2380 tanto
791 2317 862 2381 oari
885 2337 904 2381 o
926 2316 969 2381 da
992 2335 1045 2381 me
1080 2318 1240 2401 pregiaih
1264 2319 1339 2383 dieo
1374 2319 1426 2384 dei

293 2437 383 2500 buon
407 2439 493 2499 stato
516 2434 601 2498 delia
624 2451 685 2499 sua
707 2430 826 2511 sanila,
843 2434 894 2499 dei
911 2435 1134 2516 compimenio
1152 2436 1236 2500 deiie
1252 2455 1310 2501 sue
1328 2455 1427 2520 opere

294 2572 313 2617 e
335 2552 388 2616 dei
404 2553 485 2617 bene
507 2554 568 2617 ohe
591 2554 618 2616 si
636 2553 805 2633 oompiaoe
822 2552 1037 2617 desiderarmi
1055 2554 1095 2617 ed
1114 2555 1345 2619 anouoziarmi
1372 2554 1427 2621 Sia

296 2691 360 2756 por
382 2678 471 2737 ceria
492 2671 553 2737 ohe
575 2669 593 2736 ei
617 2688 700 2754 gran
725 2680 834 2753 tempo
856 2672 916 2736 ohe
941 2691 1006 2736 non
1024 2674 1067 2737 ho
1085 2673 1209 2756 godoio
1226 2673 1259 2736 (ii
1278 2673 1428 2756 maggior

294 2789 524 2855 consolatione
546 2788 587 2854 no
610 2790 731 2854 sentito
753 2807 830 2854 cosa
850 2791 882 2853 di
907 2791 1057 2872 maggior
1079 2791 1147 2855 mio
1165 2797 1272 2874 gusto,
1294 2811 1312 2854 e
1336 2809 1426 2857 mas-

292 2907 375 2971 sime
398 2924 463 2972 oon
487 2907 520 2970 la
542 2923 698 2989 speranza
721 2905 783 2969 ohe
812 2906 977 2989 aggiugne
1000 2906 1032 2969 di
1053 2909 1148 2971 venir
1165 2908 1198 2971 in
1215 2925 1291 2989 qua.
1308 2908 1424 2973 Rendo

295 3027 431 3108 duoque
464 3025 591 3091 infinite
614 3025 723 3106 grazie
747 3042 767 3087 a
789 3023 827 3088 V.
846 3023 878 3088 S.
903 3041 921 3087 e
944 3022 995 3088 dei
1018 3024 1118 3090 saluti
1140 3043 1159 3088 e
1183 3025 1267 3089 delio
1291 3043 1422 3100 nuova,

293 3162 312 3208 e
337 3146 366 3209 ie
389 3162 489 3227 prego
511 3143 554 3206 da
577 3142 638 3206 [iio
661 3142 835 3206 benedeiio
858 3141 878 3204 V
893 3141 1126 3207 incominciaio
1149 3159 1238 3207 aooo
1261 3161 1324 3207 oon
1348 3143 1425 3208 aiiri

294 3259 352 3346 piia
375 3281 393 3326 e
416 3259 472 3345 piri
494 3278 649 3344 appresso
672 3261 759 3342 pioni
784 3260 813 3323 d’
826 3261 904 3343 ogni
928 3255 1064 3335 felicita,
1086 3266 1295 3324 eontentezza
1318 3279 1336 3324 e
1360 3280 1423 3344 gu·

296 3388 348 3444 sio
376 3397 436 3443 suo
457 3398 475 3443 e
500 3378 686 3443 universale
711 3376 763 3441 dei
787 3378 1012 3459 compimeoio
1036 3377 1120 3440 deiie
1156 3395 1214 3442 sue
1245 3379 1423 3443 immortali

295 3517 405 3582 opere,
428 3517 446 3563 e
468 3517 562 3564 mero
585 3499 616 3561 ia
639 3498 771 3580 signore
790 3496 995 3578 Principesaa
1019 3497 1085 3561 mia
1110 3496 1141 3559 ia
1165 3496 1328 3580 ringrazia
1350 3516 1369 3559 e
1396 3497 1424 3560 ie

295 3616 395 3684 rende
414 3616 619 3700 moliipiioati
644 3613 752 3678 saluii.

383 3736 409 3801 li
428 3752 489 3801 suo
508 3734 601 3799 venir
625 3734 658 3796 io
684 3750 753 3814 qua
775 3750 836 3796 eon
861 3733 970 3798 boona
991 3727 1134 3796 sanitae
1151 3738 1260 3814 tempo
1278 3751 1341 3798 noo
1359 3731 1426 3817 puo

294 3857 338 3922 da
360 3874 414 3921 me
433 3873 467 3920 eo
491 3832 556 3919 non
581 3848 683 3918 moiio
701 3853 896 3917 desiderarsi
920 3871 939 3917 e
963 3852 1100 3917 indensi:
1121 3850 1199 3935 pero
1215 3855 1260 3919 mi
1276 3850 1352 3919 sara
1367 3873 1426 3920 oa-

296 3975 427 4039 rissimo
448 3974 592 4038 semime
614 3974 647 4037 la
670 3977 817 4036 oeriezza
842 3991 862 4035 e
884 3971 907 4034 ἰΙ
929 3972 1073 4054 quando.
1096 3970 1215 4053 perche
1237 3974 1344 4038 vorrei
1363 3974 1425 4039 ohe

297 4093 341 4157 ad
363 4093 440 4177 ogni
470 4092 568 4158 modo
591 4093 625 4156 in
649 4091 724 4174 quei
750 4097 860 4174 tempo
883 4092 929 4155 mi
954 4092 1041 4156 iusso
1068 4108 1225 4156 concesso
1256 4111 1345 4158 esser
1367 4094 1422 4176 qui

298 4211 560 4294 pereooaimente
582 4229 640 4294 per
662 4209 842 4275 soddisiare
865 4210 876 4272 i
899 4209 978 4273 miei
993 4209 1093 4275 debili
1108 4228 1126 4274 e
1143 4209 1282 4293 desider]
1305 4213 1337 4275 di
1353 4229 1425 4276 ser-

297 4332 383 4398 viria
405 4349 497 4398 rome
531 4331 631 4406 devo.
652 4348 671 4395 e
693 4329 795 4414 goder
817 4328 849 4392 ai
874 4327 969 4393 solino
990 4328 1041 4394 dei
1065 4329 1138 4394 suoi
1161 4329 1267 4393 favori
1290 4327 1340 4392 eoi
1376 4331 1425 4394 ei-

295 4451 391 4534 gnori
424 4450 617 4535 compagni.
656 4449 787 4513 intanto
821 4453 907 4510 rasio
939 4446 1164 4511 ansiosisaimo
1199 4444 1425 4510 d'ioieoderio

292 4575 419 4653 quanto
442 4568 568 4651 prima,
593 4564 644 4642 ni,
667 4570 791 4648 quanio
814 4564 878 4629 aiio
900 4564 1078 4628 correzioni
1103 4561 1161 4649 (1),
1184 4562 1247 4627 eila
1271 4558 1353 4626 avra
1377 4563 1420 4628 da

293 4687 473 4755 affatioarei
495 4687 530 4751 io
553 4687 638 4751 aitro
660 4685 722 4749 ohe
744 4683 944 4748 oomaodere
969 4683 1191 4748 liberamento.

383 4808 516 4888 Quanto
538 4807 594 4871 aiii
616 4806 724 4877 Ninei,
747 4806 809 4869 ohe
831 4804 916 4870 VS.
939 4799 967 4868 si
982 4803 1189 4867 oaldamenie
1204 4801 1259 4867 a'e
1276 4802 1424 4886 oompia·

258 4901 260 4905 ⁵
291 4926 384 4991 oiuia
415 4925 702 4992 raooomandarmi
727 4943 784 5005 per
806 4924 828 4987 ii
853 4924 926 4988 fluo
949 4923 1000 4987 dei
1024 4921 1138 5007 signor
1158 4921 1253 4987 liuoa
1277 4921 1425 5001 Aiiempe

291 5048 359 5111 mio
382 5049 511 5129 nepote,
536 5045 579 5108 mi
603 5042 676 5106 doio
700 5043 936 5125 grandemente
970 5043 1030 5106 ohe
1065 5041 1154 5106 deito
1188 5041 1299 5122 signor
1330 5038 1421 5102 Doca

359 5223 396 5280 (1)
410 5219 524 5270 intende
539 5217 589 5269 alia
605 5222 706 5282 sumna
722 5217 763 5265 dei
778 5217 908 5280 Dialoghi.
927 5228 972 5278 per
988 5215 1185 5278 intraprendere
1200 5215 1223 5264 ia
1235 5211 1312 5277 quale
1325 5210 1428 5260 Gaiiieo

284 5294 397 5346 divisam
415 5294 510 5345 reearsi
526 5307 540 5345 a
556 5293 649 5344 Roma.
