3434 6942
644 1212 815 1270 currens
832 1176 858 1269 Ἀ
879 1210 1047 1271 usurum

711 1454 825 1501 crsrso
840 1455 990 1502 esserum

536 1644 586 1708 Du
611 1641 779 1721 (irenam,
802 1646 845 1710 20
869 1643 981 1726 anlic
1011 1644 1096 1710 1625
1120 1641 1166 1729 (l)

755 1864 796 1935 (Α
818 1861 958 1934 Firenzel

363 2081 458 2130 llicercs
482 2080 499 2129 l'
510 2080 617 2129 sutum
633 2081 659 2129 dt
676 2079 771 2130 Gallico
792 2079 1010 2144 ‹lichiamndoglisi
1031 2079 1202 2143 sopemicano.
1217 2078 1296 2128 Parin
1317 2094 1367 2128 eun

360 2157 530 2205 ammiracione
545 2156 612 2205 delle
628 2171 670 2202 sue
686 2171 768 2218 opere,
792 2154 822 2202 ed
845 2155 859 2200 ἐ
883 2154 1030 2218 impatiente
1045 2154 1073 2202 di
1089 2168 1215 2201 ennomus
1230 2153 1323 2215 quella
1341 2155 1371 2202 in

360 2230 398 2277 eui
418 2227 495 2276 nllorn
511 2244 608 2277 versem
625 2229 690 2277 della
706 2228 869 2276 Coclituzione
890 2228 930 2275 dei
953 2228 1044 2277 Mundi.
1071 2228 1113 2276 Gli
1135 2229 1245 2277 (lucrive
1273 2232 1319 2294 poi
1343 2231 1370 2279 le

360 2303 519 2352 enervationi
536 2303 566 2351 dn
581 2304 609 2350 si
624 2303 681 2351 fatte
698 2317 839 2365 permenso
863 2301 927 2350 delle
949 2301 1047 2350 Camers
1072 2302 1161 2350 Oscum
1183 2301 1364 2354 nelmtint

359 2377 442 2426 Sulure
457 2378 498 2426 del
517 2382 574 2427 leil
586 2412 594 2435 ‚
608 2393 622 2423 e
638 2375 663 2424 lo
677 2377 754 2424 invim
771 2391 784 2422 e
801 2377 911 2424 mettersi
927 2378 953 2425 in
969 2376 1169 2442 corrispondenn
1184 2376 1251 2426 eollo
1272 2380 1367 2438 Snell,

361 2453 401 2516 pel
416 2455 490 2517 quale
507 2453 532 2499 lo
548 2452 655 2500 riehiede
671 2453 785 2500 frettanln
796 2452 862 2500 delle
874 2454 966 2516 precisa
983 2453 1071 2500 misum
1081 2451 1122 2500 del
1134 2452 1204 2515 piede
1215 2451 1366 2505 florentino.

383 2640 479 2719 Quod
495 2658 556 2723 ego
573 2646 603 2704 le
620 2639 680 2704 hac
697 2640 833 2720 epistola
841 2640 913 2722 jam
928 2639 1061 2704 tandem
1073 2640 1273 2704 conveniam
1293 2636 1437 2724 (numa-

290 2757 423 2822 nissime
452 2753 622 2840 Galilaea)
645 2772 746 2820 causa
769 2761 839 2821 tum
865 2773 990 2831 recens,
1016 2763 1086 2821 tum
1109 2756 1245 2838 antiqua
1268 2764 1330 2822 est
1351 2758 1435 2824 itini

288 2883 376 2940 certe
400 2876 480 2940 nihil
502 2881 551 2939 est
574 2876 755 2956 antiquius,
778 2892 878 2955 quam
903 2875 1010 2939 colere
1032 2878 1200 2939 summam
1216 2876 1433 2957 sapientiam,

290 3012 329 3057 nc
356 2993 573 3057 eruditionem
599 3000 701 3056 tuam.
726 2993 777 3056 Ex
800 3011 867 3074 qno
889 2995 978 3058 euim
1002 3001 1149 3075 tempore
1172 3000 1249 3059 tuns
1273 2994 1332 3060 ille
1357 3013 1435 3061 eoe-

292 3111 422 3175 lestium
441 3111 601 3190 interpres
619 3116 687 3171 tam
705 3109 871 3192 incognita
886 3111 998 3193 generi
1015 3111 1162 3176 humano
1181 3111 1338 3194 patefecit
1359 3130 1435 3196 my·

291 3228 401 3303 steria,
424 3226 487 3291 dici
513 3243 578 3290 non
604 3232 718 3308 potest,
742 3246 808 3308 quo
826 3230 926 3293 tacito
950 3229 1044 3293 cultu
1065 3236 1184 3294 memet
1205 3230 1260 3293 tibi
1280 3229 1438 3297 dovove-

291 3350 364 3410 rim.
378 3350 421 3410 st
434 3364 514 3411 vero
525 3362 601 3410 cum
617 3346 696 3410 mihi
711 3365 816 3428 nuper
827 3348 1020 3412 carissimus
1032 3348 1090 3411 tibi
1104 3347 1250 3430 mihique
1261 3347 1437 3414 [leonatus

290 3465 466 3530 candorem
492 3465 586 3530 illum
604 3468 819 3549 exposuisset,
840 3483 1000 3548 quocum
1017 3467 1133 3531 amicis
1151 3485 1249 3549 agere
1265 3469 1368 3544 soles,
1387 3468 1439 3531 di-

292 3603 451 3667 speream,
468 3586 529 3650 nisi
551 3586 593 3650 ad
611 3587 790 3650 ineundum
807 3592 917 3648 tecum
938 3602 1004 3649 nou
1023 3587 1128 3649 levem
1145 3585 1331 3650 amicitiam
1346 3585 1439 3651 illice

293 3704 518 3769 inflammatus
543 3723 627 3769 sum.
655 3704 725 3768 Etsi
749 3702 836 3765 enim
862 3703 919 3766 tibi
944 3706 1001 3768 abs
1029 3723 1091 3782 me,
1115 3710 1187 3768 tum
1223 3707 1439 3779 ancletum

293 3823 450 3895 doctrina,
487 3831 555 3886 tum
581 3822 654 3885 aliis
673 3821 791 3897 ‚multis
815 3821 1001 3885 nominibus
1036 3822 1198 3899 inferiore,
1223 3818 1306 3885 nihil
1332 3820 1439 3894 alind,

292 3959 392 4022 quam
417 3941 661 4003 observantiam
687 3938 887 4019 singularem
911 3940 1056 4021 polliceri
1083 3940 1193 4011 liceat:
1217 3941 1274 4002 abs
1300 3945 1333 4004 te
1353 3956 1439 4004 vero

293 4058 373 4122 nihil
397 4058 498 4129 aliud.
524 4074 623 4137 quam
648 4057 829 4136 ingenitam
854 4076 936 4140 erga
962 4059 1081 4132 bonos,
1105 4059 1334 4138 studiososque
1358 4076 1440 4140 pro·

298 4177 490 4259 pensionem
515 4175 664 4258 exigerem
687 4174 780 4238 facile
800 4181 911 4240 tamen
932 4176 1014 4239 mihi
1033 4176 1278 4259 persuasurum
1299 4179 1341 4241 nl
1355 4174 1438 4240 mihi

292 4313 357 4360 non
382 4301 581 4378 postremum
607 4293 778 4357 amicitiae
803 4300 879 4359 tuae
897 4296 1095 4360 concederes
1111 4294 1262 4376 gradum,
1281 4311 1361 4359 cum
1383 4312 1438 4358 me

295 4414 623 4481 observantissimum
642 4416 719 4475 luae
735 4413 868 4477 virtutis
879 4431 949 4477 esse
965 4430 1170 4495 agnosceres.
1188 4411 1342 4493 stupebis
1358 4412 1439 4493 qui·

295 4536 380 4610 dem,
404 4541 436 4597 et
460 4532 591 4607 merito,
613 4548 689 4595 cum
715 4531 881 4596 hominem
905 4531 1110 4612 incognitum
1135 4537 1226 4594 tanta
1250 4530 1377 4594 fiducia
1409 4537 1441 4595 te

292 4650 494 4713 adorientem
512 4650 720 4715 considerare
733 4650 897 4731 eoeperis;
913 4654 946 4710 at
964 4647 1017 4709 hic
1033 4649 1161 4730 appello
1178 4649 1326 4711 nativam
1344 4648 1440 4714 illam

297 4766 398 4831 animi
424 4766 471 4829 tui
495 4767 735 4841 sinceritatem
760 4765 891 4848 appello
914 4764 1056 4828 Uraniae
1076 4784 1234 4840 amorem,
1250 4767 1306 4847 qui
1328 4773 1362 4831 le
1378 4767 1440 4832 ‹le-

293 4887 399 4962 dnxit,
421 4892 453 4949 el
472 4884 558 4951 lama
579 4897 694 4953 natum
714 4901 814 4966 super
830 4882 963 4947 aethera
980 4886 1138 4959 reddidit;
1152 4885 1280 4966 appello
1293 4885 1440 4951 Deodati

295 5005 407 5081 nostri,
430 5003 485 5084 qui
510 5003 572 5069 luit
594 5006 758 5084 ingenuae
781 5016 874 5064 meae
898 5002 1116 5086 simplicitatis
1142 5013 1321 5085 spectator,
1346 5008 1445 5072 testi-

365 5178 398 5240 (l)
415 5177 543 5230 Gassendi
559 5176 657 5239 Opere,
674 5177 751 5228 Tem.
768 5180 819 5241 vt,
840 5195 898 5245 pag.
917 5184 947 5237 l,
973 5179 1117 5241 riprololls
1134 5193 1188 5228 non
1205 5181 1385 5231 interamenta
1401 5181 1447 5231 ιΙιΙ

293 5249 410 5313 Venturi,
425 5253 503 5304 Parte
519 5252 553 5312 ΙΙ,
573 5265 648 5315 pagg.
666 5255 696 5300 es
712 5265 727 5301 e
746 5267 816 5318 segg.
