<?xml version="1.0" encoding="UTF-8"?>
<!DOCTYPE html PUBLIC "-//W3C//DTD XHTML 1.0 Transitional//EN"
    "http://www.w3.org/TR/xhtml1/DTD/xhtml1-transitional.dtd">
<html xmlns="http://www.w3.org/1999/xhtml" xml:lang="en" lang="en">
 <head>
  <title>
</title>
<meta http-equiv="Content-Type" content="text/html;charset=utf-8" />
  <meta name='ocr-system' content='tesseract 3.04.00' />
  <meta name='ocr-capabilities' content='ocr_page ocr_carea ocr_par ocr_line ocrx_word'/>
</head>
<body>
  <div class='ocr_page' id='page_1' title='image "./leoperedigalile05vivigoog_0322.png"; bbox 0 0 3434 6942; ppageno 0'>
   <div class='ocr_carea' id='block_1_1' title="bbox 736 1262 1423 1332">
    <p class='ocr_par' dir='ltr' id='par_1_1' title="bbox 736 1262 1423 1332">
     <span class='ocr_line' id='line_1_1' title="bbox 736 1262 1423 1332; baseline 0.001 -1"><span class='ocrx_word' id='word_1_1' title='bbox 736 1270 859 1331; x_wconf 66' lang='lat' dir='ltr'><strong>dllNO</strong></span> <span class='ocrx_word' id='word_1_2' title='bbox 879 1272 949 1329; x_wconf 72' lang='lat' dir='ltr'><strong>ltus</strong></span> <span class='ocrx_word' id='word_1_3' title='bbox 1358 1262 1423 1332; x_wconf 75' lang='grc'><strong>309</strong></span> 
     </span>
    </p>
   </div>
   <div class='ocr_carea' id='block_1_2' title="bbox 286 1402 1425 2193">
    <p class='ocr_par' dir='ltr' id='par_1_2' title="bbox 286 1402 1425 2193">
     <span class='ocr_line' id='line_1_2' title="bbox 286 1402 1424 1482; baseline 0.005 -14"><span class='ocrx_word' id='word_1_4' title='bbox 286 1402 433 1468; x_wconf 84' lang='lat' dir='ltr'><strong>soedeuti</strong></span> <span class='ocrx_word' id='word_1_5' title='bbox 456 1402 590 1469; x_wconf 78' lang='lat' dir='ltr'><strong>Parisiis</strong></span> <span class='ocrx_word' id='word_1_6' title='bbox 611 1402 800 1467; x_wconf 84' lang='lat' dir='ltr'><strong>desiderata</strong></span> <span class='ocrx_word' id='word_1_7' title='bbox 826 1403 965 1470; x_wconf 83' lang='lat' dir='ltr'><strong>lectione</strong></span> <span class='ocrx_word' id='word_1_8' title='bbox 995 1404 1149 1475; x_wconf 78' lang='lat' dir='ltr'><strong>inuidis</strong></span> <span class='ocrx_word' id='word_1_9' title='bbox 1173 1423 1258 1482; x_wconf 86' lang='lat' dir='ltr'><strong>uuo,</strong></span> <span class='ocrx_word' id='word_1_10' title='bbox 1281 1415 1339 1475; x_wconf 87' lang='lat' dir='ltr'><strong>sul</strong></span> <span class='ocrx_word' id='word_1_11' title='bbox 1373 1410 1424 1476; x_wconf 75' lang='lat' dir='ltr'><strong>al-</strong></span> 
     </span>
     <span class='ocr_line' id='line_1_3' title="bbox 288 1521 1422 1605; baseline 0.003 -17"><span class='ocrx_word' id='word_1_12' title='bbox 288 1531 370 1589; x_wconf 82' lang='lat' dir='ltr'><strong>tero.</strong></span> <span class='ocrx_word' id='word_1_13' title='bbox 404 1523 529 1603; x_wconf 85' lang='lat' dir='ltr'><strong>Nempe</strong></span> <span class='ocrx_word' id='word_1_14' title='bbox 562 1521 990 1605; x_wconf 81' lang='lat' dir='ltr'><strong>quamprimumegregius</strong></span> <span class='ocrx_word' id='word_1_15' title='bbox 1026 1522 1106 1589; x_wconf 86' lang='lat' dir='ltr'><strong>liber</strong></span> <span class='ocrx_word' id='word_1_16' title='bbox 1140 1524 1247 1593; x_wconf 78' lang='lat' dir='ltr'><strong>iuctm</strong></span> <span class='ocrx_word' id='word_1_17' title='bbox 1269 1535 1320 1593; x_wconf 89' lang='lat' dir='ltr'><strong>est</strong></span> <span class='ocrx_word' id='word_1_18' title='bbox 1343 1529 1422 1595; x_wconf 85' lang='lat' dir='ltr'><strong>milri</strong></span> 
     </span>
     <span class='ocr_line' id='line_1_4' title="bbox 289 1639 1424 1724; baseline 0.01 -22"><span class='ocrx_word' id='word_1_19' title='bbox 289 1658 371 1722; x_wconf 76' lang='lat' dir='ltr'><strong>prae</strong></span> <span class='ocrx_word' id='word_1_20' title='bbox 393 1639 570 1706; x_wconf 82' lang='lat' dir='ltr'><strong>manibus.</strong></span> <span class='ocrx_word' id='word_1_21' title='bbox 594 1644 686 1704; x_wconf 85' lang='lat' dir='ltr'><strong>tanta</strong></span> <span class='ocrx_word' id='word_1_22' title='bbox 712 1639 799 1705; x_wconf 90' lang='lat' dir='ltr'><strong>iltius</strong></span> <span class='ocrx_word' id='word_1_23' title='bbox 823 1639 910 1720; x_wconf 90' lang='lat' dir='ltr'><strong>apud</strong></span> <span class='ocrx_word' id='word_1_24' title='bbox 934 1639 1099 1706; x_wconf 87' lang='lat' dir='ltr'><strong>studiosos</strong></span> <span class='ocrx_word' id='word_1_25' title='bbox 1120 1644 1307 1724; x_wconf 69' lang='lat' dir='ltr'><strong>expectatio</strong></span> <span class='ocrx_word' id='word_1_26' title='bbox 1332 1645 1424 1713; x_wconf 83' lang='lat' dir='ltr'><strong>inar-</strong></span> 
     </span>
     <span class='ocr_line' id='line_1_5' title="bbox 290 1752 1424 1835; baseline 0.003 -13"><span class='ocrx_word' id='word_1_27' title='bbox 290 1763 401 1827; x_wconf 81' lang='lat' dir='ltr'><strong>serat.</strong></span> <span class='ocrx_word' id='word_1_28' title='bbox 424 1762 462 1818; x_wconf 93' lang='lat' dir='ltr'><strong>ut</strong></span> <span class='ocrx_word' id='word_1_29' title='bbox 481 1755 560 1835; x_wconf 86' lang='lat' dir='ltr'><strong>qnia</strong></span> <span class='ocrx_word' id='word_1_30' title='bbox 584 1752 743 1819; x_wconf 84' lang='lat' dir='ltr'><strong>iliodatus</strong></span> <span class='ocrx_word' id='word_1_31' title='bbox 765 1754 954 1835; x_wconf 80' lang='lat' dir='ltr'><strong>exemplum</strong></span> <span class='ocrx_word' id='word_1_32' title='bbox 977 1771 1076 1820; x_wconf 84' lang='lat' dir='ltr'><strong>suurn</strong></span> <span class='ocrx_word' id='word_1_33' title='bbox 1096 1755 1259 1821; x_wconf 88' lang='lat' dir='ltr'><strong>detulerat</strong></span> <span class='ocrx_word' id='word_1_34' title='bbox 1287 1757 1320 1822; x_wconf 90' lang='lat' dir='ltr'><strong>iu</strong></span> <span class='ocrx_word' id='word_1_35' title='bbox 1352 1762 1424 1825; x_wconf 77' lang='lat' dir='ltr'><strong>Au·</strong></span> 
     </span>
     <span class='ocr_line' id='line_1_6' title="bbox 290 1872 1422 1959; baseline 0.003 -19"><span class='ocrx_word' id='word_1_36' title='bbox 290 1876 417 1958; x_wconf 82' lang='lat' dir='ltr'><strong>gliser,</strong></span> <span class='ocrx_word' id='word_1_37' title='bbox 440 1890 616 1954; x_wconf 88' lang='lat' dir='ltr'><strong>meumque</strong></span> <span class='ocrx_word' id='word_1_38' title='bbox 638 1872 775 1937; x_wconf 89' lang='lat' dir='ltr'><strong>unicum</strong></span> <span class='ocrx_word' id='word_1_39' title='bbox 810 1880 1003 1955; x_wconf 78' lang='lat' dir='ltr'><strong>supererat.</strong></span> <span class='ocrx_word' id='word_1_40' title='bbox 1032 1874 1090 1939; x_wconf 83' lang='lat' dir='ltr'><strong>vix</strong></span> <span class='ocrx_word' id='word_1_41' title='bbox 1112 1874 1201 1940; x_wconf 88' lang='lat' dir='ltr'><strong>ullus</strong></span> <span class='ocrx_word' id='word_1_42' title='bbox 1223 1875 1345 1954; x_wconf 85' lang='lat' dir='ltr'><strong>inerit,</strong></span> <span class='ocrx_word' id='word_1_43' title='bbox 1366 1879 1422 1959; x_wconf 91' lang='lat' dir='ltr'><strong>qui</strong></span> 
     </span>
     <span class='ocr_line' id='line_1_7' title="bbox 290 1991 1425 2076; baseline 0.006 -16"><span class='ocrx_word' id='word_1_44' title='bbox 290 1993 462 2076; x_wconf 83' lang='lat' dir='ltr'><strong>pervidere</strong></span> <span class='ocrx_word' id='word_1_45' title='bbox 483 1992 671 2059; x_wconf 86' lang='lat' dir='ltr'><strong>successise</strong></span> <span class='ocrx_word' id='word_1_46' title='bbox 694 2009 759 2056; x_wconf 93' lang='lat' dir='ltr'><strong>non</strong></span> <span class='ocrx_word' id='word_1_47' title='bbox 780 1991 966 2074; x_wconf 77' lang='lat' dir='ltr'><strong>postularit.</strong></span> <span class='ocrx_word' id='word_1_48' title='bbox 982 1993 1096 2074; x_wconf 85' lang='lat' dir='ltr'><strong>llaque</strong></span> <span class='ocrx_word' id='word_1_49' title='bbox 1115 1992 1278 2061; x_wconf 70' lang='lat' dir='ltr'>discessus</span> <span class='ocrx_word' id='word_1_50' title='bbox 1293 1996 1425 2067; x_wconf 74' lang='lat' dir='ltr'><strong>occasio</strong></span> 
     </span>
     <span class='ocr_line' id='line_1_8' title="bbox 292 2108 1424 2193; baseline 0.008 -21"><span class='ocrx_word' id='word_1_51' title='bbox 292 2112 356 2175; x_wconf 81' lang='lat' dir='ltr'><strong>vix</strong></span> <span class='ocrx_word' id='word_1_52' title='bbox 376 2111 509 2179; x_wconf 86' lang='lat' dir='ltr'><strong>demum</strong></span> <span class='ocrx_word' id='word_1_53' title='bbox 534 2109 612 2175; x_wconf 84' lang='lat' dir='ltr'><strong>iecit</strong></span> <span class='ocrx_word' id='word_1_54' title='bbox 634 2108 725 2175; x_wconf 88' lang='lat' dir='ltr'><strong>illius</strong></span> <span class='ocrx_word' id='word_1_55' title='bbox 745 2111 886 2192; x_wconf 86' lang='lat' dir='ltr'><strong>copiam.</strong></span> <span class='ocrx_word' id='word_1_56' title='bbox 911 2128 1074 2193; x_wconf 75' lang='lat' dir='ltr'><strong>aegreque</strong></span> <span class='ocrx_word' id='word_1_57' title='bbox 1098 2111 1184 2177; x_wconf 89' lang='lat' dir='ltr'><strong>inter</strong></span> <span class='ocrx_word' id='word_1_58' title='bbox 1198 2112 1308 2177; x_wconf 85' lang='lat' dir='ltr'><strong>varias</strong></span> <span class='ocrx_word' id='word_1_59' title='bbox 1322 2130 1424 2181; x_wconf 82' lang='lat' dir='ltr'><strong>oecu-</strong></span> 
     </span>
    </p>
   </div>
   <div class='ocr_carea' id='block_1_3' title="bbox 292 2229 1566 2314">
    <p class='ocr_par' dir='ltr' id='par_1_3' title="bbox 292 2229 1566 2314">
     <span class='ocr_line' id='line_1_9' title="bbox 292 2229 1566 2314; baseline 0.003 -19"><span class='ocrx_word' id='word_1_60' title='bbox 292 2231 444 2313; x_wconf 81' lang='lat' dir='ltr'><strong>petiones</strong></span> <span class='ocrx_word' id='word_1_61' title='bbox 466 2229 606 2302; x_wconf 78' lang='lat' dir='ltr'><strong>obtinui,</strong></span> <span class='ocrx_word' id='word_1_62' title='bbox 628 2237 664 2292; x_wconf 88' lang='lat' dir='ltr'><strong>ul</strong></span> <span class='ocrx_word' id='word_1_63' title='bbox 689 2237 928 2311; x_wconf 65' lang='lat' dir='ltr'><strong>proponerem,</strong></span> <span class='ocrx_word' id='word_1_64' title='bbox 949 2231 1037 2311; x_wconf 89' lang='lat' dir='ltr'><strong>quud</strong></span> <span class='ocrx_word' id='word_1_65' title='bbox 1056 2249 1152 2312; x_wconf 83' lang='lat' dir='ltr'><strong>spero</strong></span> <span class='ocrx_word' id='word_1_66' title='bbox 1167 2231 1287 2307; x_wconf 82' lang='lat' dir='ltr'><strong>adduc,</strong></span> <span class='ocrx_word' id='word_1_67' title='bbox 1304 2248 1425 2314; x_wconf 83' lang='lat' dir='ltr'><strong>qusur·</strong></span> <span class='ocrx_word' id='word_1_68' title='bbox 1564 2308 1566 2310; x_wconf 50' lang='grc'><strong>,</strong></span> 
     </span>
    </p>
   </div>
   <div class='ocr_carea' id='block_1_4' title="bbox 291 2348 1427 3268">
    <p class='ocr_par' dir='ltr' id='par_1_4' title="bbox 291 2348 1427 3268">
     <span class='ocr_line' id='line_1_10' title="bbox 291 2348 1423 2433; baseline 0 -14"><span class='ocrx_word' id='word_1_69' title='bbox 291 2351 437 2433; x_wconf 69' lang='lat' dir='ltr'><strong>prinum</strong></span> <span class='ocrx_word' id='word_1_70' title='bbox 459 2348 696 2429; x_wconf 72' lang='lat' dir='ltr'><strong>conquirerem,</strong></span> <span class='ocrx_word' id='word_1_71' title='bbox 721 2352 817 2429; x_wconf 85' lang='lat' dir='ltr'><strong>pleno</strong></span> <span class='ocrx_word' id='word_1_72' title='bbox 834 2351 928 2430; x_wconf 77' lang='lat' dir='ltr'><strong>quasi</strong></span> <span class='ocrx_word' id='word_1_73' title='bbox 951 2369 1009 2416; x_wconf 90' lang='lat' dir='ltr'><strong>ore</strong></span> <span class='ocrx_word' id='word_1_74' title='bbox 1031 2353 1171 2417; x_wconf 85' lang='lat' dir='ltr'><strong>sorbere.</strong></span> <span class='ocrx_word' id='word_1_75' title='bbox 1196 2351 1323 2416; x_wconf 85' lang='lat' dir='ltr'><strong>interes</strong></span> <span class='ocrx_word' id='word_1_76' title='bbox 1344 2368 1423 2419; x_wconf 87' lang='lat' dir='ltr'><strong>oum</strong></span> 
     </span>
     <span class='ocr_line' id='line_1_11' title="bbox 293 2468 1426 2552; baseline -0.004 -13"><span class='ocrx_word' id='word_1_77' title='bbox 293 2469 377 2539; x_wconf 73' lang='lat' dir='ltr'><strong>iuret</strong></span> <span class='ocrx_word' id='word_1_78' title='bbox 401 2469 435 2533; x_wconf 91' lang='lat' dir='ltr'><strong>iu</strong></span> <span class='ocrx_word' id='word_1_79' title='bbox 459 2469 522 2534; x_wconf 82' lang='lat' dir='ltr'><strong>isac</strong></span> <span class='ocrx_word' id='word_1_80' title='bbox 543 2468 679 2533; x_wconf 78' lang='lat' dir='ltr'><strong>civitate</strong></span> <span class='ocrx_word' id='word_1_81' title='bbox 702 2469 816 2552; x_wconf 87' lang='lat' dir='ltr'><strong>paucis</strong></span> <span class='ocrx_word' id='word_1_82' title='bbox 840 2468 956 2535; x_wconf 86' lang='lat' dir='ltr'><strong>diebus</strong></span> <span class='ocrx_word' id='word_1_83' title='bbox 979 2469 1272 2543; x_wconf 84' lang='lat' dir='ltr'><strong>commorandum,</strong></span> <span class='ocrx_word' id='word_1_84' title='bbox 1296 2469 1426 2551; x_wconf 87' lang='lat' dir='ltr'><strong>signill-</strong></span> 
     </span>
     <span class='ocr_line' id='line_1_12' title="bbox 291 2585 1425 2670; baseline 0.002 -17"><span class='ocrx_word' id='word_1_85' title='bbox 291 2603 374 2653; x_wconf 78' lang='lat' dir='ltr'><strong>care</strong></span> <span class='ocrx_word' id='word_1_86' title='bbox 396 2586 502 2662; x_wconf 85' lang='lat' dir='ltr'><strong>solui.</strong></span> <span class='ocrx_word' id='word_1_87' title='bbox 523 2604 626 2668; x_wconf 84' lang='lat' dir='ltr'><strong>quam</strong></span> <span class='ocrx_word' id='word_1_88' title='bbox 661 2594 752 2670; x_wconf 88' lang='lat' dir='ltr'><strong>grate</strong></span> <span class='ocrx_word' id='word_1_89' title='bbox 786 2587 967 2670; x_wconf 66' lang='lat' dir='ltr'><strong>accemrim</strong></span> <span class='ocrx_word' id='word_1_90' title='bbox 995 2587 1130 2661; x_wconf 80' lang='lat' dir='ltr'><strong>librum.</strong></span> <span class='ocrx_word' id='word_1_91' title='bbox 1151 2605 1251 2668; x_wconf 88' lang='lat' dir='ltr'><strong>quarn</strong></span> <span class='ocrx_word' id='word_1_92' title='bbox 1276 2585 1425 2668; x_wconf 79' lang='lat' dir='ltr'><strong>locuuds</strong></span> 
     </span>
     <span class='ocr_line' id='line_1_13' title="bbox 291 2705 1425 2793; baseline -0.004 -19"><span class='ocrx_word' id='word_1_93' title='bbox 291 2707 521 2793; x_wconf 80' lang='lat' dir='ltr'><strong>percurrerim.</strong></span> <span class='ocrx_word' id='word_1_94' title='bbox 538 2707 701 2788; x_wconf 83' lang='lat' dir='ltr'><strong>Equidem</strong></span> <span class='ocrx_word' id='word_1_95' title='bbox 718 2713 812 2773; x_wconf 86' lang='lat' dir='ltr'><strong>tento</strong></span> <span class='ocrx_word' id='word_1_96' title='bbox 826 2724 900 2773; x_wconf 88' lang='lat' dir='ltr'><strong>sum</strong></span> <span class='ocrx_word' id='word_1_97' title='bbox 918 2707 1056 2773; x_wconf 79' lang='lat' dir='ltr'><strong>amotus</strong></span> <span class='ocrx_word' id='word_1_98' title='bbox 1071 2707 1158 2774; x_wconf 89' lang='lat' dir='ltr'><strong>lnter</strong></span> <span class='ocrx_word' id='word_1_99' title='bbox 1173 2705 1349 2789; x_wconf 81' lang='lat' dir='ltr'><strong>legendum</strong></span> <span class='ocrx_word' id='word_1_100' title='bbox 1364 2725 1425 2771; x_wconf 87' lang='lat' dir='ltr'><strong>ro·</strong></span> 
     </span>
     <span class='ocr_line' id='line_1_14' title="bbox 292 2826 1424 2910; baseline -0.001 -18"><span class='ocrx_word' id='word_1_101' title='bbox 292 2829 430 2910; x_wconf 77' lang='lat' dir='ltr'><strong>laptula.</strong></span> <span class='ocrx_word' id='word_1_102' title='bbox 446 2834 485 2892; x_wconf 90' lang='lat' dir='ltr'><strong>ut</strong></span> <span class='ocrx_word' id='word_1_103' title='bbox 501 2826 672 2903; x_wconf 75' lang='lat' dir='ltr'><strong>adamum,</strong></span> <span class='ocrx_word' id='word_1_104' title='bbox 690 2828 817 2908; x_wconf 86' lang='lat' dir='ltr'><strong>quoties</strong></span> <span class='ocrx_word' id='word_1_105' title='bbox 841 2833 950 2892; x_wconf 88' lang='lat' dir='ltr'><strong>mente</strong></span> <span class='ocrx_word' id='word_1_106' title='bbox 966 2833 1092 2908; x_wconf 80' lang='lat' dir='ltr'><strong>repeto,</strong></span> <span class='ocrx_word' id='word_1_107' title='bbox 1116 2826 1255 2893; x_wconf 70' lang='lat' dir='ltr'><strong>utriaco</strong></span> <span class='ocrx_word' id='word_1_108' title='bbox 1275 2842 1424 2893; x_wconf 79' lang='lat' dir='ltr'><strong>movear.</strong></span> 
     </span>
     <span class='ocr_line' id='line_1_15' title="bbox 293 2944 1425 3027; baseline -0.003 -14"><span class='ocrx_word' id='word_1_109' title='bbox 293 2947 343 3013; x_wconf 84' lang='lat' dir='ltr'><strong>lta</strong></span> <span class='ocrx_word' id='word_1_110' title='bbox 367 2947 493 3013; x_wconf 77' lang='lat' dir='ltr'><strong>scilicet</strong></span> <span class='ocrx_word' id='word_1_111' title='bbox 522 2947 579 3012; x_wconf 84' lang='lat' dir='ltr'><strong>tibi</strong></span> <span class='ocrx_word' id='word_1_112' title='bbox 603 2955 747 3022; x_wconf 84' lang='lat' dir='ltr'><strong>constas,</strong></span> <span class='ocrx_word' id='word_1_113' title='bbox 769 2948 998 3012; x_wconf 86' lang='lat' dir='ltr'><strong>amantissime</strong></span> <span class='ocrx_word' id='word_1_114' title='bbox 1019 2945 1170 3011; x_wconf 83' lang='lat' dir='ltr'><strong>veritatis</strong></span> <span class='ocrx_word' id='word_1_115' title='bbox 1189 2945 1251 3020; x_wconf 77' lang='lat' dir='ltr'><strong>vir,</strong></span> <span class='ocrx_word' id='word_1_116' title='bbox 1268 2950 1305 3011; x_wconf 89' lang='lat' dir='ltr'><strong>ut</strong></span> <span class='ocrx_word' id='word_1_117' title='bbox 1319 2944 1425 3027; x_wconf 88' lang='lat' dir='ltr'><strong>quod·</strong></span> 
     </span>
     <span class='ocr_line' id='line_1_16' title="bbox 292 3064 1425 3148; baseline -0.002 -18"><span class='ocrx_word' id='word_1_118' title='bbox 292 3082 437 3148; x_wconf 80' lang='lat' dir='ltr'><strong>eumque</strong></span> <span class='ocrx_word' id='word_1_119' title='bbox 459 3066 676 3141; x_wconf 80' lang='lat' dir='ltr'><strong>ratiocinaris,</strong></span> <span class='ocrx_word' id='word_1_120' title='bbox 696 3073 851 3131; x_wconf 83' lang='lat' dir='ltr'><strong>naturam</strong></span> <span class='ocrx_word' id='word_1_121' title='bbox 872 3083 1001 3146; x_wconf 89' lang='lat' dir='ltr'><strong>semper</strong></span> <span class='ocrx_word' id='word_1_122' title='bbox 1021 3065 1170 3148; x_wconf 84' lang='lat' dir='ltr'><strong>sequaris</strong></span> <span class='ocrx_word' id='word_1_123' title='bbox 1185 3064 1315 3137; x_wconf 86' lang='lat' dir='ltr'><strong>ducem.</strong></span> <span class='ocrx_word' id='word_1_124' title='bbox 1331 3067 1366 3128; x_wconf 91' lang='lat' dir='ltr'><strong>et</strong></span> <span class='ocrx_word' id='word_1_125' title='bbox 1382 3081 1425 3129; x_wconf 84' lang='lat' dir='ltr'><strong>ex</strong></span> 
     </span>
     <span class='ocr_line' id='line_1_17' title="bbox 295 3182 1427 3268; baseline 0 -19"><span class='ocrx_word' id='word_1_126' title='bbox 295 3186 505 3268; x_wconf 83' lang='lat' dir='ltr'><strong>propriarum</strong></span> <span class='ocrx_word' id='word_1_127' title='bbox 524 3187 795 3251; x_wconf 80' lang='lat' dir='ltr'><strong>observationum</strong></span> <span class='ocrx_word' id='word_1_128' title='bbox 818 3184 922 3250; x_wconf 83' lang='lat' dir='ltr'><strong>divite</strong></span> <span class='ocrx_word' id='word_1_129' title='bbox 945 3201 1032 3267; x_wconf 85' lang='lat' dir='ltr'><strong>penu</strong></span> <span class='ocrx_word' id='word_1_130' title='bbox 1049 3183 1210 3266; x_wconf 84' lang='lat' dir='ltr'><strong>principia</strong></span> <span class='ocrx_word' id='word_1_131' title='bbox 1226 3182 1340 3248; x_wconf 86' lang='lat' dir='ltr'><strong>ducas.</strong></span> <span class='ocrx_word' id='word_1_132' title='bbox 1363 3185 1427 3249; x_wconf 75' lang='lat' dir='ltr'><strong>As·</strong></span> 
     </span>
    </p>
   </div>
   <div class='ocr_carea' id='block_1_5' title="bbox 294 3298 1427 3505">
    <p class='ocr_par' dir='ltr' id='par_1_5' title="bbox 294 3298 1427 3505">
     <span class='ocr_line' id='line_1_18' title="bbox 296 3298 1427 3385; baseline -0.005 -16"><span class='ocrx_word' id='word_1_133' title='bbox 296 3305 407 3385; x_wconf 73' lang='lat' dir='ltr'><strong>surgis</strong></span> <span class='ocrx_word' id='word_1_134' title='bbox 430 3322 496 3385; x_wconf 91' lang='lat' dir='ltr'><strong>quo</strong></span> <span class='ocrx_word' id='word_1_135' title='bbox 519 3303 708 3369; x_wconf 73' lang='lat' dir='ltr'><strong>mortalium</strong></span> <span class='ocrx_word' id='word_1_136' title='bbox 746 3321 844 3368; x_wconf 90' lang='lat' dir='ltr'><strong>nemo</strong></span> <span class='ocrx_word' id='word_1_137' title='bbox 880 3302 1057 3366; x_wconf 86' lang='lat' dir='ltr'><strong>subvectus</strong></span> <span class='ocrx_word' id='word_1_138' title='bbox 1079 3306 1129 3366; x_wconf 90' lang='lat' dir='ltr'><strong>est</strong></span> <span class='ocrx_word' id='word_1_139' title='bbox 1151 3300 1332 3374; x_wconf 82' lang='lat' dir='ltr'><strong>haetenus.</strong></span> <span class='ocrx_word' id='word_1_140' title='bbox 1354 3298 1427 3364; x_wconf 84' lang='lat' dir='ltr'><strong>ieli-</strong></span> 
     </span>
     <span class='ocr_line' id='line_1_19' title="bbox 294 3415 1427 3505; baseline -0.007 -17"><span class='ocrx_word' id='word_1_141' title='bbox 294 3439 415 3504; x_wconf 88' lang='lat' dir='ltr'><strong>oesquo</strong></span> <span class='ocrx_word' id='word_1_142' title='bbox 434 3421 622 3505; x_wconf 75' lang='lat' dir='ltr'><strong>huiusmodi</strong></span> <span class='ocrx_word' id='word_1_143' title='bbox 647 3427 735 3494; x_wconf 85' lang='lat' dir='ltr'><strong>sunt,</strong></span> <span class='ocrx_word' id='word_1_144' title='bbox 757 3422 814 3502; x_wconf 89' lang='lat' dir='ltr'><strong>qni</strong></span> <span class='ocrx_word' id='word_1_145' title='bbox 834 3420 887 3483; x_wconf 84' lang='lat' dir='ltr'><strong>rol</strong></span> <span class='ocrx_word' id='word_1_146' title='bbox 909 3421 1042 3489; x_wconf 88' lang='lat' dir='ltr'><strong>eminus</strong></span> <span class='ocrx_word' id='word_1_147' title='bbox 1056 3424 1315 3500; x_wconf 82' lang='lat' dir='ltr'><strong>consequuntur.</strong></span> <span class='ocrx_word' id='word_1_148' title='bbox 1330 3415 1427 3495; x_wconf 82' lang='lat' dir='ltr'><strong>Quod</strong></span> 
     </span>
    </p>
   </div>
   <div class='ocr_carea' id='block_1_6' title="bbox 296 3534 1432 3979">
    <p class='ocr_par' dir='ltr' id='par_1_6' title="bbox 296 3534 1432 3979">
     <span class='ocr_line' id='line_1_20' title="bbox 296 3534 1427 3620; baseline -0.005 -15"><span class='ocrx_word' id='word_1_149' title='bbox 296 3540 447 3605; x_wconf 82' lang='lat' dir='ltr'><strong>mirabile</strong></span> <span class='ocrx_word' id='word_1_150' title='bbox 468 3558 548 3605; x_wconf 79' lang='lat' dir='ltr'><strong>voro</strong></span> <span class='ocrx_word' id='word_1_151' title='bbox 569 3541 626 3613; x_wconf 81' lang='lat' dir='ltr'><strong>sil:</strong></span> <span class='ocrx_word' id='word_1_152' title='bbox 647 3558 724 3605; x_wconf 90' lang='lat' dir='ltr'><strong>cum</strong></span> <span class='ocrx_word' id='word_1_153' title='bbox 749 3539 896 3603; x_wconf 83' lang='lat' dir='ltr'><strong>humana</strong></span> <span class='ocrx_word' id='word_1_154' title='bbox 916 3537 1080 3620; x_wconf 83' lang='lat' dir='ltr'><strong>sagacitas</strong></span> <span class='ocrx_word' id='word_1_155' title='bbox 1095 3536 1271 3618; x_wconf 79' lang='lat' dir='ltr'><strong>procedere</strong></span> <span class='ocrx_word' id='word_1_156' title='bbox 1289 3534 1427 3602; x_wconf 88' lang='lat' dir='ltr'><strong>ulterius</strong></span> 
     </span>
     <span class='ocr_line' id='line_1_21' title="bbox 296 3653 1430 3740; baseline -0.006 -17"><span class='ocrx_word' id='word_1_157' title='bbox 296 3676 364 3723; x_wconf 83' lang='lat' dir='ltr'><strong>aon</strong></span> <span class='ocrx_word' id='word_1_158' title='bbox 388 3661 499 3740; x_wconf 86' lang='lat' dir='ltr'><strong>possit,</strong></span> <span class='ocrx_word' id='word_1_159' title='bbox 522 3660 551 3724; x_wconf 86' lang='lat' dir='ltr'><strong>ls</strong></span> <span class='ocrx_word' id='word_1_160' title='bbox 574 3661 607 3722; x_wconf 91' lang='lat' dir='ltr'><strong>ln</strong></span> <span class='ocrx_word' id='word_1_161' title='bbox 627 3665 659 3723; x_wconf 89' lang='lat' dir='ltr'><strong>te</strong></span> <span class='ocrx_word' id='word_1_162' title='bbox 681 3664 730 3724; x_wconf 83' lang='lat' dir='ltr'><strong>est</strong></span> <span class='ocrx_word' id='word_1_163' title='bbox 747 3658 852 3722; x_wconf 87' lang='lat' dir='ltr'><strong>aotmt</strong></span> <span class='ocrx_word' id='word_1_164' title='bbox 876 3657 1013 3731; x_wconf 86' lang='lat' dir='ltr'><strong>candor,</strong></span> <span class='ocrx_word' id='word_1_165' title='bbox 1037 3663 1073 3719; x_wconf 88' lang='lat' dir='ltr'><strong>ut</strong></span> <span class='ocrx_word' id='word_1_166' title='bbox 1095 3657 1180 3720; x_wconf 81' lang='lat' dir='ltr'><strong>bona</strong></span> <span class='ocrx_word' id='word_1_167' title='bbox 1205 3653 1270 3719; x_wconf 89' lang='lat' dir='ltr'><strong>tide</strong></span> <span class='ocrx_word' id='word_1_168' title='bbox 1298 3671 1430 3736; x_wconf 82' lang='lat' dir='ltr'><strong>semper</strong></span> 
     </span>
     <span class='ocr_line' id='line_1_22' title="bbox 297 3773 1429 3860; baseline -0.006 -19"><span class='ocrx_word' id='word_1_169' title='bbox 297 3794 457 3860; x_wconf 78' lang='lat' dir='ltr'><strong>agnoscas</strong></span> <span class='ocrx_word' id='word_1_170' title='bbox 490 3783 630 3842; x_wconf 89' lang='lat' dir='ltr'><strong>naturae</strong></span> <span class='ocrx_word' id='word_1_171' title='bbox 669 3780 803 3842; x_wconf 82' lang='lat' dir='ltr'><strong>nostrae</strong></span> <span class='ocrx_word' id='word_1_172' title='bbox 836 3776 1076 3841; x_wconf 84' lang='lat' dir='ltr'><strong>infirmitatem.</strong></span> <span class='ocrx_word' id='word_1_173' title='bbox 1113 3773 1429 3853; x_wconf 81' lang='lat' dir='ltr'><strong>Quantumcumque</strong></span> 
     </span>
     <span class='ocr_line' id='line_1_23' title="bbox 296 3889 1432 3979; baseline -0.006 -18"><span class='ocrx_word' id='word_1_174' title='bbox 296 3898 385 3961; x_wconf 90' lang='lat' dir='ltr'><strong>enim</strong></span> <span class='ocrx_word' id='word_1_175' title='bbox 407 3897 616 3979; x_wconf 81' lang='lat' dir='ltr'><strong>conjecturae</strong></span> <span class='ocrx_word' id='word_1_176' title='bbox 640 3901 716 3960; x_wconf 85' lang='lat' dir='ltr'><strong>tuae</strong></span> <span class='ocrx_word' id='word_1_177' title='bbox 738 3895 804 3959; x_wconf 89' lang='lat' dir='ltr'><strong>sint</strong></span> <span class='ocrx_word' id='word_1_178' title='bbox 827 3893 1102 3967; x_wconf 79' lang='lat' dir='ltr'><strong>verisimillimus,</strong></span> <span class='ocrx_word' id='word_1_179' title='bbox 1125 3908 1189 3957; x_wconf 88' lang='lat' dir='ltr'><strong>noo</strong></span> <span class='ocrx_word' id='word_1_180' title='bbox 1205 3897 1284 3957; x_wconf 89' lang='lat' dir='ltr'><strong>sunt</strong></span> <span class='ocrx_word' id='word_1_181' title='bbox 1302 3889 1360 3954; x_wconf 85' lang='lat' dir='ltr'><strong>tibi</strong></span> <span class='ocrx_word' id='word_1_182' title='bbox 1376 3895 1432 3954; x_wconf 88' lang='lat' dir='ltr'><strong>la·</strong></span> 
     </span>
    </p>
   </div>
   <div class='ocr_carea' id='block_1_7' title="bbox 296 4006 1553 4213">
    <p class='ocr_par' dir='ltr' id='par_1_7' title="bbox 296 4006 1553 4213">
     <span class='ocr_line' id='line_1_24' title="bbox 298 4006 1528 4096; baseline -0.01 -18"><span class='ocrx_word' id='word_1_183' title='bbox 298 4030 373 4078; x_wconf 91' lang='lat' dir='ltr'><strong>men</strong></span> <span class='ocrx_word' id='word_1_184' title='bbox 410 4012 581 4095; x_wconf 78' lang='lat' dir='ltr'><strong>plusquam</strong></span> <span class='ocrx_word' id='word_1_185' title='bbox 606 4013 831 4096; x_wconf 65' lang='lat' dir='ltr'><strong>conjecturam</strong></span> <span class='ocrx_word' id='word_1_186' title='bbox 861 4028 978 4091; x_wconf 90' lang='lat' dir='ltr'><strong>neque,</strong></span> <span class='ocrx_word' id='word_1_187' title='bbox 1000 4017 1037 4074; x_wconf 91' lang='lat' dir='ltr'><strong>nl</strong></span> <span class='ocrx_word' id='word_1_188' title='bbox 1066 4009 1222 4092; x_wconf 77' lang='lat' dir='ltr'><strong>vulgares</strong></span> <span class='ocrx_word' id='word_1_189' title='bbox 1245 4006 1430 4090; x_wconf 75' lang='lat' dir='ltr'>philosophi</span> <span class='ocrx_word' id='word_1_190' title='bbox 1526 4013 1528 4017; x_wconf 78' lang='grc'>’</span> 
     </span>
     <span class='ocr_line' id='line_1_25' title="bbox 296 4117 1553 4213; baseline -0.01 -16"><span class='ocrx_word' id='word_1_191' title='bbox 296 4131 414 4204; x_wconf 79' lang='lat' dir='ltr'><strong>solent,</strong></span> <span class='ocrx_word' id='word_1_192' title='bbox 437 4131 551 4196; x_wconf 68' lang='lat' dir='ltr'><strong>mcum</strong></span> <span class='ocrx_word' id='word_1_193' title='bbox 576 4131 667 4206; x_wconf 81' lang='lat' dir='ltr'><strong>iscis,</strong></span> <span class='ocrx_word' id='word_1_194' title='bbox 691 4129 743 4194; x_wconf 83' lang='lat' dir='ltr'><strong>vel</strong></span> <span class='ocrx_word' id='word_1_195' title='bbox 768 4131 898 4213; x_wconf 82' lang='lat' dir='ltr'><strong>pateris.</strong></span> <span class='ocrx_word' id='word_1_196' title='bbox 922 4131 1031 4208; x_wconf 85' lang='lat' dir='ltr'><strong>Quam</strong></span> <span class='ocrx_word' id='word_1_197' title='bbox 1052 4128 1179 4212; x_wconf 71' lang='lat' dir='ltr'><strong>lustum</strong></span> <span class='ocrx_word' id='word_1_198' title='bbox 1204 4127 1303 4192; x_wconf 74' lang='lat' dir='ltr'><strong>retem</strong></span> <span class='ocrx_word' id='word_1_199' title='bbox 1321 4127 1431 4207; x_wconf 92' lang='lat' dir='ltr'><strong>lmpo-</strong></span> <span class='ocrx_word' id='word_1_200' title='bbox 1551 4117 1553 4121; x_wconf 64' lang='grc'><em>”</em></span> 
     </span>
    </p>
   </div>
   <div class='ocr_carea' id='block_1_8' title="bbox 296 4243 1435 5392">
    <p class='ocr_par' dir='ltr' id='par_1_8' title="bbox 296 4243 1435 5392">
     <span class='ocr_line' id='line_1_26' title="bbox 296 4243 1430 4329; baseline -0.007 -17"><span class='ocrx_word' id='word_1_201' title='bbox 296 4248 350 4312; x_wconf 88' lang='lat' dir='ltr'><strong>ais</strong></span> <span class='ocrx_word' id='word_1_202' title='bbox 372 4248 532 4329; x_wconf 78' lang='lat' dir='ltr'><strong>pretium!</strong></span> <span class='ocrx_word' id='word_1_203' title='bbox 554 4245 714 4314; x_wconf 74' lang='lat' dir='ltr'><strong>Oblivisci</strong></span> <span class='ocrx_word' id='word_1_204' title='bbox 737 4255 837 4323; x_wconf 84' lang='lat' dir='ltr'><strong>certe,</strong></span> <span class='ocrx_word' id='word_1_205' title='bbox 856 4249 885 4312; x_wconf 90' lang='lat' dir='ltr'><strong>si</strong></span> <span class='ocrx_word' id='word_1_206' title='bbox 901 4246 1013 4321; x_wconf 84' lang='lat' dir='ltr'><strong>velim,</strong></span> <span class='ocrx_word' id='word_1_207' title='bbox 1029 4263 1095 4310; x_wconf 94' lang='lat' dir='ltr'><strong>non</strong></span> <span class='ocrx_word' id='word_1_208' title='bbox 1112 4260 1257 4326; x_wconf 86' lang='lat' dir='ltr'><strong>possum,</strong></span> <span class='ocrx_word' id='word_1_209' title='bbox 1280 4243 1430 4322; x_wconf 76' lang='lat' dir='ltr'><strong>glebulas</strong></span> 
     </span>
     <span class='ocr_line' id='line_1_27' title="bbox 300 4359 1432 4449; baseline -0.006 -21"><span class='ocrx_word' id='word_1_210' title='bbox 300 4372 407 4428; x_wconf 89' lang='lat' dir='ltr'><strong>terrae</strong></span> <span class='ocrx_word' id='word_1_211' title='bbox 429 4365 748 4431; x_wconf 77' lang='lat' dir='ltr'><strong>commendationem</strong></span> <span class='ocrx_word' id='word_1_212' title='bbox 766 4383 866 4449; x_wconf 92' lang='lat' dir='ltr'><strong>supra</strong></span> <span class='ocrx_word' id='word_1_213' title='bbox 881 4367 1087 4441; x_wconf 76' lang='lat' dir='ltr'><strong>adamantes,</strong></span> <span class='ocrx_word' id='word_1_214' title='bbox 1102 4371 1135 4428; x_wconf 87' lang='lat' dir='ltr'><strong>et</strong></span> <span class='ocrx_word' id='word_1_215' title='bbox 1150 4362 1227 4436; x_wconf 84' lang='lat' dir='ltr'><strong>alis,</strong></span> <span class='ocrx_word' id='word_1_216' title='bbox 1245 4375 1331 4440; x_wconf 86' lang='lat' dir='ltr'><strong>quae</strong></span> <span class='ocrx_word' id='word_1_217' title='bbox 1346 4359 1432 4424; x_wconf 91' lang='lat' dir='ltr'><strong>mate</strong></span> 
     </span>
     <span class='ocr_line' id='line_1_28' title="bbox 300 4476 1433 4566; baseline -0.007 -19"><span class='ocrx_word' id='word_1_218' title='bbox 300 4499 419 4547; x_wconf 71' lang='lat' dir='ltr'><strong>unum</strong></span> <span class='ocrx_word' id='word_1_219' title='bbox 445 4483 564 4566; x_wconf 84' lang='lat' dir='ltr'><strong>vulgus</strong></span> <span class='ocrx_word' id='word_1_220' title='bbox 587 4485 736 4550; x_wconf 90' lang='lat' dir='ltr'><strong>miratur.</strong></span> <span class='ocrx_word' id='word_1_221' title='bbox 755 4483 906 4549; x_wconf 82' lang='lat' dir='ltr'><strong>Dicerem</strong></span> <span class='ocrx_word' id='word_1_222' title='bbox 923 4484 1029 4566; x_wconf 86' lang='lat' dir='ltr'><strong>plura,</strong></span> <span class='ocrx_word' id='word_1_223' title='bbox 1048 4480 1104 4547; x_wconf 87' lang='lat' dir='ltr'><strong>sed</strong></span> <span class='ocrx_word' id='word_1_224' title='bbox 1124 4480 1150 4546; x_wconf 95' lang='lat' dir='ltr'><strong>si</strong></span> <span class='ocrx_word' id='word_1_225' title='bbox 1170 4481 1359 4561; x_wconf 88' lang='lat' dir='ltr'><strong>perspectus</strong></span> <span class='ocrx_word' id='word_1_226' title='bbox 1374 4476 1433 4541; x_wconf 86' lang='lat' dir='ltr'><strong>tibi</strong></span> 
     </span>
     <span class='ocr_line' id='line_1_29' title="bbox 300 4595 1433 4685; baseline -0.005 -21"><span class='ocrx_word' id='word_1_227' title='bbox 300 4607 484 4683; x_wconf 85' lang='lat' dir='ltr'><strong>utcumque</strong></span> <span class='ocrx_word' id='word_1_228' title='bbox 500 4619 595 4667; x_wconf 91' lang='lat' dir='ltr'><strong>meus</strong></span> <span class='ocrx_word' id='word_1_229' title='bbox 611 4609 664 4666; x_wconf 88' lang='lat' dir='ltr'><strong>est</strong></span> <span class='ocrx_word' id='word_1_230' title='bbox 679 4604 805 4685; x_wconf 82' lang='lat' dir='ltr'><strong>genius,</strong></span> <span class='ocrx_word' id='word_1_231' title='bbox 822 4602 987 4667; x_wconf 79' lang='lat' dir='ltr'><strong>divinalis</strong></span> <span class='ocrx_word' id='word_1_232' title='bbox 1002 4601 1108 4682; x_wconf 88' lang='lat' dir='ltr'><strong>plane,</strong></span> <span class='ocrx_word' id='word_1_233' title='bbox 1128 4599 1209 4664; x_wconf 84' lang='lat' dir='ltr'><strong>nilril</strong></span> <span class='ocrx_word' id='word_1_234' title='bbox 1225 4597 1347 4664; x_wconf 85' lang='lat' dir='ltr'><strong>esseio</strong></span> <span class='ocrx_word' id='word_1_235' title='bbox 1368 4595 1433 4660; x_wconf 90' lang='lat' dir='ltr'><strong>tuis</strong></span> 
     </span>
     <span class='ocr_line' id='line_1_30' title="bbox 305 4713 1434 4803; baseline -0.001 -24"><span class='ocrx_word' id='word_1_236' title='bbox 305 4717 500 4803; x_wconf 75' lang='lat' dir='ltr'><strong>ratiociniis,</strong></span> <span class='ocrx_word' id='word_1_237' title='bbox 515 4721 603 4800; x_wconf 84' lang='lat' dir='ltr'><strong>qood</strong></span> <span class='ocrx_word' id='word_1_238' title='bbox 619 4738 828 4802; x_wconf 86' lang='lat' dir='ltr'><strong>summopere</strong></span> <span class='ocrx_word' id='word_1_239' title='bbox 847 4719 928 4786; x_wconf 89' lang='lat' dir='ltr'><strong>mihi</strong></span> <span class='ocrx_word' id='word_1_240' title='bbox 948 4737 1014 4787; x_wconf 91' lang='lat' dir='ltr'><strong>uon</strong></span> <span class='ocrx_word' id='word_1_241' title='bbox 1034 4718 1187 4785; x_wconf 89' lang='lat' dir='ltr'><strong>arrideat.</strong></span> <span class='ocrx_word' id='word_1_242' title='bbox 1204 4715 1300 4786; x_wconf 80' lang='lat' dir='ltr'><strong>Addo</strong></span> <span class='ocrx_word' id='word_1_243' title='bbox 1315 4713 1434 4787; x_wconf 83' lang='lat' dir='ltr'><strong>sulum.</strong></span> 
     </span>
     <span class='ocr_line' id='line_1_31' title="bbox 302 4835 1432 4921; baseline 0.004 -23"><span class='ocrx_word' id='word_1_244' title='bbox 302 4853 357 4898; x_wconf 90' lang='lat' dir='ltr'><strong>me</strong></span> <span class='ocrx_word' id='word_1_245' title='bbox 380 4837 581 4920; x_wconf 70' lang='lat' dir='ltr'><strong>periucunde</strong></span> <span class='ocrx_word' id='word_1_246' title='bbox 597 4841 629 4902; x_wconf 91' lang='lat' dir='ltr'><strong>in</strong></span> <span class='ocrx_word' id='word_1_247' title='bbox 649 4839 681 4902; x_wconf 94' lang='lat' dir='ltr'><strong>id</strong></span> <span class='ocrx_word' id='word_1_248' title='bbox 699 4839 864 4914; x_wconf 86' lang='lat' dir='ltr'><strong>incidisse,</strong></span> <span class='ocrx_word' id='word_1_249' title='bbox 882 4839 970 4921; x_wconf 89' lang='lat' dir='ltr'><strong>quod</strong></span> <span class='ocrx_word' id='word_1_250' title='bbox 988 4856 1045 4920; x_wconf 89' lang='lat' dir='ltr'><strong>per</strong></span> <span class='ocrx_word' id='word_1_251' title='bbox 1063 4837 1188 4901; x_wconf 89' lang='lat' dir='ltr'><strong>litteras</strong></span> <span class='ocrx_word' id='word_1_252' title='bbox 1203 4835 1432 4903; x_wconf 75' lang='lat' dir='ltr'><strong>admonueras.</strong></span> 
     </span>
     <span class='ocr_line' id='line_1_32' title="bbox 300 4953 1431 5035; baseline -0.004 -19"><span class='ocrx_word' id='word_1_253' title='bbox 300 4953 342 5017; x_wconf 90' lang='lat' dir='ltr'><strong>de</strong></span> <span class='ocrx_word' id='word_1_254' title='bbox 365 4955 529 5035; x_wconf 90' lang='lat' dir='ltr'><strong>opinionis</strong></span> <span class='ocrx_word' id='word_1_255' title='bbox 553 4962 630 5022; x_wconf 90' lang='lat' dir='ltr'><strong>tuae</strong></span> <span class='ocrx_word' id='word_1_256' title='bbox 651 4975 812 5022; x_wconf 87' lang='lat' dir='ltr'><strong>consensu</strong></span> <span class='ocrx_word' id='word_1_257' title='bbox 836 4958 925 5022; x_wconf 90' lang='lat' dir='ltr'><strong>circo</strong></span> <span class='ocrx_word' id='word_1_258' title='bbox 949 4955 1119 5022; x_wconf 87' lang='lat' dir='ltr'><strong>stellarum</strong></span> <span class='ocrx_word' id='word_1_259' title='bbox 1146 4953 1327 5031; x_wconf 83' lang='lat' dir='ltr'><strong>exilitatem</strong></span> <span class='ocrx_word' id='word_1_260' title='bbox 1354 4965 1431 5013; x_wconf 91' lang='lat' dir='ltr'><strong>cum</strong></span> 
     </span>
     <span class='ocr_line' id='line_1_33' title="bbox 298 5067 1433 5141; baseline -0.005 -5"><span class='ocrx_word' id='word_1_261' title='bbox 298 5090 373 5136; x_wconf 87' lang='lat' dir='ltr'><strong>mea</strong></span> <span class='ocrx_word' id='word_1_262' title='bbox 408 5074 464 5138; x_wconf 89' lang='lat' dir='ltr'><strong>illa</strong></span> <span class='ocrx_word' id='word_1_263' title='bbox 499 5075 540 5140; x_wconf 93' lang='lat' dir='ltr'><strong>de</strong></span> <span class='ocrx_word' id='word_1_264' title='bbox 576 5076 742 5141; x_wconf 87' lang='lat' dir='ltr'><strong>Mercurio</strong></span> <span class='ocrx_word' id='word_1_265' title='bbox 764 5079 797 5140; x_wconf 93' lang='lat' dir='ltr'><strong>in</strong></span> <span class='ocrx_word' id='word_1_266' title='bbox 823 5076 897 5141; x_wconf 89' lang='lat' dir='ltr'><strong>Sole</strong></span> <span class='ocrx_word' id='word_1_267' title='bbox 921 5077 992 5140; x_wconf 87' lang='lat' dir='ltr'><strong>viso</strong></span> <span class='ocrx_word' id='word_1_268' title='bbox 1025 5073 1263 5140; x_wconf 81' lang='lat' dir='ltr'><strong>observatione.</strong></span> <span class='ocrx_word' id='word_1_269' title='bbox 1288 5067 1433 5133; x_wconf 83' lang='lat' dir='ltr'><strong>Delectat</strong></span> 
     </span>
     <span class='ocr_line' id='line_1_34' title="bbox 296 5181 1432 5275; baseline -0.011 -18"><span class='ocrx_word' id='word_1_270' title='bbox 296 5193 429 5274; x_wconf 84' lang='lat' dir='ltr'><strong>quippe,</strong></span> <span class='ocrx_word' id='word_1_271' title='bbox 451 5208 524 5256; x_wconf 89' lang='lat' dir='ltr'><strong>eam</strong></span> <span class='ocrx_word' id='word_1_272' title='bbox 545 5193 601 5255; x_wconf 89' lang='lat' dir='ltr'><strong>tibi</strong></span> <span class='ocrx_word' id='word_1_273' title='bbox 620 5192 851 5275; x_wconf 77' lang='lat' dir='ltr'><strong>cogitationem</strong></span> <span class='ocrx_word' id='word_1_274' title='bbox 872 5193 1000 5256; x_wconf 88' lang='lat' dir='ltr'><strong>venisse</strong></span> <span class='ocrx_word' id='word_1_275' title='bbox 1017 5192 1050 5255; x_wconf 96' lang='lat' dir='ltr'><strong>in</strong></span> <span class='ocrx_word' id='word_1_276' title='bbox 1068 5195 1210 5255; x_wconf 90' lang='lat' dir='ltr'><strong>mentem</strong></span> <span class='ocrx_word' id='word_1_277' title='bbox 1230 5203 1289 5267; x_wconf 88' lang='lat' dir='ltr'><strong>pro</strong></span> <span class='ocrx_word' id='word_1_278' title='bbox 1307 5181 1432 5268; x_wconf 88' lang='lat' dir='ltr'><strong>ingenii</strong></span> 
     </span>
     <span class='ocr_line' id='line_1_35' title="bbox 298 5304 1435 5392; baseline -0.004 -21"><span class='ocrx_word' id='word_1_279' title='bbox 298 5310 463 5387; x_wconf 82' lang='lat' dir='ltr'><strong>acumine,</strong></span> <span class='ocrx_word' id='word_1_280' title='bbox 485 5310 746 5391; x_wconf 80' lang='lat' dir='ltr'><strong>inexhaustoque</strong></span> <span class='ocrx_word' id='word_1_281' title='bbox 768 5310 913 5389; x_wconf 84' lang='lat' dir='ltr'><strong>solertia,</strong></span> <span class='ocrx_word' id='word_1_282' title='bbox 935 5311 991 5375; x_wconf 90' lang='lat' dir='ltr'><strong>cui</strong></span> <span class='ocrx_word' id='word_1_283' title='bbox 1015 5327 1088 5392; x_wconf 85' lang='lat' dir='ltr'><strong>ego,</strong></span> <span class='ocrx_word' id='word_1_284' title='bbox 1113 5308 1164 5370; x_wconf 88' lang='lat' dir='ltr'><strong>vel</strong></span> <span class='ocrx_word' id='word_1_285' title='bbox 1190 5304 1435 5390; x_wconf 80' lang='lat' dir='ltr'><strong>percogitare,</strong></span> 
     </span>
    </p>
   </div>
   <div class='ocr_carea' id='block_1_9' title="bbox 0 0 1738 6932">
    <p class='ocr_par' dir='ltr' id='par_1_9' title="bbox 0 0 1738 6932">
     <span class='ocr_line' id='line_1_36' title="bbox 0 0 1738 6932; baseline 0 0"><span class='ocrx_word' id='word_1_286' title='bbox 0 0 1738 6932; x_wconf 95' lang='lat' dir='ltr'><strong> </strong></span> 
     </span>
    </p>
   </div>
  </div>
 </body>
</html>
