3434 6942
777 1237 880 1297 arido
902 1237 970 1296 ¹625
1393 1233 1431 1297 91

304 1379 383 1461 quin
405 1393 463 1460 pre
481 1392 532 1450 ea,
548 1388 614 1456 qna
633 1373 745 1456 cepisti
763 1373 985 1455 philosophari
1010 1373 1167 1446 libertale,
1191 1378 1435 1460 quamplurima

303 1496 489 1578 protuleris,
509 1493 611 1557 velie
630 1508 715 1573 quae
731 1508 792 1575 ego
809 1493 906 1575 penio
918 1492 1065 1573 quodam
1081 1491 1165 1557 lelici
1181 1493 1364 1569 inciderim,
1382 1497 1434 1560 vel

302 1621 392 1678 nerle
409 1630 452 1676 ax
469 1611 590 1691 quibus
604 1625 671 1673 nen
685 1625 808 1699 parum
826 1609 1037 1691 conjecturae
1056 1626 1148 1673 meae
1164 1610 1287 1692 possint
1302 1629 1435 1694 preme-

303 1732 384 1794 veri.
400 1727 680 1795 Observationum
698 1743 716 1789 a
734 1744 788 1790 me
806 1727 967 1792 laetarum
987 1728 1075 1791 eirea
1099 1735 1272 1801 cometam,
1295 1731 1349 1811 qul
1374 1733 1435 1795 sub

303 1853 403 1916 linem
421 1849 501 1914 anni
520 1847 606 1913 1618
622 1846 779 1927 affulgere
799 1845 908 1910 telluri
931 1846 1025 1927 cepit.
1051 1846 1130 1911 nibil
1154 1846 1214 1911 leci
1238 1848 1358 1930 publici
1377 1848 1435 1931 ju-

301 1969 362 2042 rls;
385 1973 572 2041 contentus,
596 1966 623 2029 si
646 1982 689 2028 ex
712 1965 752 2026 iis
775 1965 897 2044 possim
920 1963 1009 2029 circa
1032 1964 1194 2030 delectum
1218 1966 1433 2047 parallaxeos,

302 2088 446 2168 itemque
467 2084 556 2149 circe
580 2082 793 2147 directionem
817 2081 944 2146 eundae
968 2084 1000 2146 in
1030 2082 1112 2148 Solis
1141 2084 1326 2164 oppositum
1355 2103 1431 2149 cnm

300 2205 455 2288 quadam,
472 2219 578 2285 enque
597 2201 748 2265 variabili
771 2199 954 2264 deflexione
977 2200 1207 2283 philosophari.
1230 2202 1352 2266 Eadem
1378 2219 1432 2265 ra·

301 2326 401 2396 tione,
419 2330 452 2386 et
480 2322 520 2386 de
549 2320 735 2385 observatis
760 2319 921 2383 solaribus
947 2318 1086 2382 maculis
1114 2319 1263 2383 emittere
1291 2319 1370 2382 nibil
1398 2321 1430 2382 in
1497 2331 1500 2336 ·

300 2442 414 2505 animo
430 2446 490 2511 est,
510 2438 573 2504 nisi
588 2439 676 2521 quod
686 2439 785 2520 juxte
803 2437 963 2521 principia
982 2444 1038 2501 tua
1061 2437 1247 2502 conducere
1270 2437 1433 2503 videbitur

302 2557 344 2622 ad
364 2557 625 2640 impugnandum
645 2557 935 2631 Aristotelismum,
951 2555 1259 2635 adhortandumqne
1281 2556 1430 2621 beminen

303 2677 346 2741 ed
362 2677 508 2757 aliquam
524 2675 798 2751 verisimiliorem,
811 2675 1042 2755 senioremque
1055 2672 1303 2755 philosophiam.
1315 2673 1430 2752 Quan-

300 2795 476 2876 doquidem
492 2796 620 2861 veroin
639 2795 832 2858 memoriam
855 2794 1124 2857 observationum
1144 2793 1257 2868 incidi,
1278 2810 1430 2857 commu-

297 2915 415 2979 nicabo
428 2932 504 2978 eece
520 2930 640 2989 unam,
656 2931 756 2995 quam
769 2959 779 2989 ,
794 2919 830 2977 ut
845 2911 996 2993 equidem
1012 2910 1154 2993 eenjcio,
1170 2927 1234 2973 non
1251 2910 1429 2992 injucunde

298 3033 448 3124 accipies.
465 3034 515 3098 Ea
529 3040 579 3098 est
594 3033 752 3114 eclipseos
770 3032 898 3107 soleris,
915 3048 1000 3113 quae
1020 3035 1185 3112 postrema
1207 3029 1299 3093 nebia
1321 3027 1431 3093 Euro-

298 3149 387 3230 paeis
405 3148 556 3232 contigit,
574 3164 663 3213 anne
677 3164 796 3229 nempe
812 3147 898 3212 1621
915 3163 991 3211 aera
1007 3151 1040 3211 et
1055 3146 1151 3228 stylo,
1174 3146 1231 3227 qui
1254 3144 1346 3235 vebis
1370 3164 1429 3210 ne·

297 3267 412 3346 bisque
429 3272 480 3331 ast
494 3267 568 3331 usui
587 3264 643 3351 (l).

388 3385 481 3450 lllam
503 3385 590 3450 enim
610 3386 714 3467 Aquis
745 3385 862 3450 Sextiis
888 3387 1062 3451 observavi
1091 3386 1270 3450 admodum
1299 3392 1428 3460 exacte,

298 3506 447 3588 nihilque
469 3506 623 3589 ambige,
647 3506 728 3587 qnln
753 3513 788 3570 tu
812 3523 871 3587 pro
895 3511 952 3569 tun
973 3505 1163 3569 coelestium
1187 3521 1299 3569 amore
1324 3505 1428 3589 (dum

294 3624 424 3690 eoelum
449 3624 541 3690 vebis
564 3623 663 3689 inerit
686 3621 865 3709 serenum)
882 3624 1089 3688 exactissime
1104 3623 1342 3688 observaveris.
1358 3624 1429 3704 Ego

295 3740 412 3805 eadem
435 3742 601 3814 methodo.
625 3748 746 3822 quaet
769 3741 918 3807 Maculas
933 3740 1107 3805 observavi
1129 3738 1211 3824 (uisi
1234 3739 1427 3820 quodcirca

295 3858 445 3923 blaculas
470 3858 691 3924 meridianum
715 3866 844 3941 tempus
867 3866 1018 3942 expecto,
1042 3866 1078 3923 ut
1101 3857 1234 3921 aliunde
1249 3864 1335 3922 noto
1357 3858 1429 3921 Me·
1477 3837 1479 3839 ¹

296 3977 415 4041 ridiani
437 3994 515 4042 cnm
540 3977 721 4058 Eecliptica
744 3979 878 4058 angulo,
902 3996 1019 4042 verum
1043 3979 1076 4040 in
1101 3977 1192 4041 disco
1213 3975 1296 4042 Solis
1327 3977 1427 4041 situm

296 4095 504 4162 diecularum
527 4097 723 4184 accipiens).
748 4098 869 4162 lladios
892 4097 976 4163 Solis
998 4099 1110 4179 itaque
1135 4115 1192 4178 per
1216 4098 1427 4178 telescepium

296 4213 447 4295 trajectos
470 4216 504 4280 ln
528 4217 695 4282 occlusam
718 4235 885 4282 eameram
910 4217 1114 4299 excipiebam
1136 4216 1273 4281 interius
1295 4217 1428 4280 ebertu-

293 4348 355 4396 ceo
376 4332 452 4397 ulbe
474 4335 557 4398 bene
578 4335 804 4416 complanato,
828 4334 1056 4415 descriptoque
1091 4334 1126 4396 in
1160 4350 1201 4396 ee
1234 4333 1359 4396 circulo
1392 4333 1426 4395 iu

292 4469 391 4532 quem
415 4451 499 4531 radii
522 4461 734 4538 cogerentur3
758 4471 835 4519 cum
858 4454 986 4517 adesset
1009 4454 1138 4518 interim
1162 4468 1262 4533 prope
1290 4450 1426 4514 teleseo·

293 4570 396 4650 pium,
417 4571 474 4652 qul
500 4577 650 4647 meimet,
675 4591 714 4639 ac
737 4579 851 4638 centra
870 4572 1032 4637 vitrorum
1053 4571 1119 4637 Seli
1137 4589 1265 4654 semper
1283 4591 1427 4655 eppone·

294 4696 354 4753 rel.
384 4688 551 4756 Iliameter
572 4693 700 4768 circuli,
723 4709 808 4774 quae
831 4696 902 4754 erat
925 4688 1025 4754 unius
1046 4689 1136 4769 pedis
1160 4689 1360 4762 Parisieneis,
1379 4691 1425 4756 sic

292 4808 399 4871 divisa
421 4808 529 4874 luerat
553 4810 587 4874 in
611 4809 781 4873 duodenas
805 4810 943 4891 parteis,
966 4811 1006 4870 ut
1027 4823 1210 4890 sexagenas
1232 4811 1331 4874 etiam
1357 4809 1425 4874 sin-

290 4923 446 5007 gularum
470 4945 527 5009 per
549 4927 749 5002 divisiones,
773 4927 969 4993 minutiores
992 4926 1102 4990 liceret
1125 4927 1233 4992 adbuc
1263 4927 1424 5006 colligere.

290 5041 353 5109 Sed
378 5049 409 5106 et
425 5044 732 5111 ‚circumferentiam
759 5047 793 5110 in
816 5046 903 5122 360,
927 5046 989 5111 boc
1012 5052 1061 5112 eat
1085 5047 1180 5112 belno
1203 5047 1279 5109 inde
1301 5045 1335 5108 in
1362 5044 1425 5107 180.

322 5310 329 5359 Ι
348 5235 396 5362 v(l)
413 5236 494 5360 Tuitte
511 5237 617 5297 nibella
636 5251 715 5304 segue
733 5239 838 5289 interne
855 5237 880 5288 la
903 5242 1083 5299 esserrazione
1108 5237 1309 5296 dell'Eeelissa,
1334 5251 1425 5296 manea

286 5323 320 5359 ne
370 5316 469 5365 auter.
973 5338 975 5342 Δ
